1814 3316
228 156 440 229 LIBER
472 159 618 229 XXVII.
740 177 803 243 40¹

66 247 168 341 bgione
187 260 322 323 obtineret.
345 278 516 347 prorogatum
537 270 565 326 δι
578 269 611 323 C.
623 258 732 324 Hostilio
746 265 803 319 Tu·

68 343 131 402 bulo
139 346 186 409 est,
206 361 235 403 ut
248 363 389 423 proptaetor
403 348 429 403 in
438 348 565 406 Etruriam
576 347 608 405 ad
620 347 682 405 duas
691 345 808 424 legiones

69 426 214 486 firmederet
231 429 266 486 C.
282 427 431 504 Calpurnio.
467 432 639 508 Prorogatum
659 432 696 488 δι’
708 431 740 487 L.
751 430 805 482 Ve-

69 510 143 566 turio
162 505 262 566 Philoni
280 511 327 575 est,
350 525 380 568 ut
403 525 544 586 propraetor
565 510 675 570 Galliam
693 507 805 566 eandem

70 590 232 667 provinciam
249 610 312 650 cum
325 591 415 649 iisdem
428 591 527 649 duabus
547 591 687 670 legionibus
703 591 807 649 obtine·

69 685 118 737 tet,
136 672 229 749 quibus
244 688 338 748 prator
352 673 508 732 obtinuisset.
546 674 625 751 Qtod
637 674 664 730 in
682 675 714 730 1..
725 678 807 729 Vetu-

69 754 118 816 rio.
138 754 208 812 idem
218 754 246 812 in
258 757 292 812 C.
303 755 459 831 Atuneulejo
471 754 603 814 decretum
616 754 647 812 ab
660 753 755 822 senatu,
770 751 806 810 u-

70 849 187 912 tumque
204 836 236 892 de
255 837 420 914 prorogando
442 835 554 914 imperio
567 838 598 895 ad
610 834 737 914 populum
758 835 807 898 est,

47 924 50 933 '
70 917 117 994 qui
130 928 224 993 pretor
241 918 383 976 Sardiniam
396 918 556 994 provinciam
568 937 632 977 cum
649 916 747 975 duabus
765 914 804 972 le·

10 1000 13 1025 ¹
67 996 190 1077 gionibus
197 997 348 1058 obtinuerat.
365 999 455 1058 additae
467 1001 491 1059 ei
503 1001 533 1058 ad
548 1000 692 1078 praesidium
700 998 806 1076 morin·

71 1081 118 1137 alae
133 1082 324 1159 quinquaginta.
334 1081 419 1160 longae
430 1100 518 1147 nares,
538 1102 601 1160 quas
622 1085 649 1143 t.
665 1081 752 1158 Saipio
771 1098 805 1139 ex

70 1160 189 1239 Hispania
199 1162 312 1224 miliffet.
351 1168 385 1222 Et
397 1165 546 1240 Ρ.δείρίοηί
559 1170 586 1224 δε
602 1168 642 1224 M.
655 1163 740 1222 Silano
753 1162 805 1221 suae

70 1243 204 1320 Hispania,
224 1242 312 1322 suique
320 1247 443 1305 exetdtus
457 1246 489 1302 in·
500 1264 598 1304 annum
613 1247 717 1305 decreti.
747 1245 804 1304 Sci·

89 1325 158 1384 ioex
173 1328 311 1406 ostoginta
326 1327 440 1392 navibus,
461 1346 525 1404 quas
538 1341 582 1387 aut
594 1327 682 1386 secum
698 1345 730 1383 ex
751 1328 805 1383 Ita·

69 1342 101 1467 b
116 1408 237 1467 addubito
253 1422 298 1467 aut
316 1423 400 1485 captas
420 1409 575 1488 Carthagine
595 1407 708 1473 habebat,
727 1408 804 1483 quin·

69 1491 194 1568 quaginta
205 1491 234 1548 in
247 1490 387 1548 Sardiniam
400 1490 569 1550 transmittere
581 1491 676 1566 juiius:
696 1491 756 1567 quia
764 1488 803 1549 fa·

69 1586 118 1628 ma
135 1584 198 1635 erat,
212 1590 353 1656 ‚magnum
369 1570 484 1630 navalem
507 1588 656 1649 apparatum
680 1591 713 1628 eo
732 1590 802 1630 anno

70 1650 228 1731 Carthagine
247 1653 310 1714 effe:
341 1653 457 1711 ducentis
474 1655 581 1713 naribus
598 1674 710 1715 omnem
727 1673 802 1713 oram

68 1732 148 1793 ltaliae
163 1734 301 1812 Siciliaeque
310 1753 341 1793 ao
351 1735 469 1795 Sardinia
479 1736 645 1813 impleturos..
671 1741 707 1795 Et
721 1737 749 1793 in
763 1737 803 1793 Si·

69 1814 124 1874 eilia
137 1816 175 1873 ita
186 1814 264 1875 divisa
274 1835 314 1873 res
328 1817 374 1875 est.
413 1820 472 1875 Sex.
483 1817 577 1876 Caesari
590 1820 715 1877 exercitus
731 1818 801 1874 Can·

67 1897 199 1956 oeulisest
209 1898 291 1958 datus.
332 1901 370 1957 M.
381 1897 494 1958 Valerius
509 1898 629 1958 Laevinus
652 1900 686 1972 (ei
698 1915 802 1975 quoque

10 1988 12 2033 :
67 1981 138 2037 enim
160 1994 330 2060 prorogatum
349 1980 489 2056 imperium
509 1982 558 2056 est)
577 1981 678 2039 elaffem
693 1998 752 2057 quae
768 1981 801 2040 ad

66 2060 179 2119 Siciliam
194 2077 248 2120 erat
259 2062 364 2119 navium
376 2061 534 2141 septuaginta
547 2063 682 2122 obtineret.
719 2062 803 2119 adde-

66 2153 107 2199 ret
119 2159 153 2199 eo
165 2143 277 2221 triginta
285 2162 371 2208 naves,
389 2161 446 2220 quae
457 2144 488 2201 ad
500 2149 643 2203 Tarentum
657 2143 743 2220 priore
755 2160 803 2200 aa·

66 2240 104 2281 ao
114 2221 223 2284 fuerant.
245 2243 307 2283 cum
322 2243 352 2282 ea
363 2239 469 2283 centum
484 2227 589 2283 narium
602 2225 686 2291 claffo,
704 2225 807 2283 livide«.

65 2304 134 2363 uetur
151 2307 185 2370 ei,
209 2307 350 2383 praedatum
370 2307 398 2363 in
418 2307 531 2365 Africam
546 2308 681 2383 trajiceret.
719 2310 753 2366 Et
772 2309 803 2366 P.
878 2336 881 2342 ·

65 2384 188 2462 Sulpicio,
208 2387 333 2448 utendam
345 2385 417 2446 claffo
427 2390 609 2451 Macedoniam
618 2389 801 2467 Graeciamque

62 2468 227 2544 provinciam
242 2468 352 2533 haberet,
370 2486 539 2550 prorogatum
555 2473 583 2531 in
596 2490 695 2532 annum
717 2473 801 2549 impe·

63 2550 134 2608 sium
146 2553 193 2610 eti.
231 2550 386 2613 Deduabun
402 2568 460 2627 quae
474 2555 504 2612 ad
519 2555 611 2614 urbem
623 2560 742 2613 Romam
757 2555 805 2621 fn-

64 2645 144 2701 erant,
166 2631 308 2708 legionibus
320 2629 383 2690 nihil
396 2647 537 2695 mutatum.
576 2636 802 2715 Supplementum,

62 2729 119 2787 quo
139 2729 208 2787 opus
228 2713 307 2778 effer„
325 2712 459 2772 scriberent
479 2716 610 2783 consulet,
639 2717 805 2794 permistim·

62 2795 162 2851 Una&
175 2791 269 2869 viginti
281 2793 424 2872 legionibus
435 2813 468 2853 eo
481 2798 695 2858 annodefensum
715 2798 800 2873 impe·

61 2874 371 2962 tutamina
403 2879 437 2960 u
450 2878 480 2962 t·
493 2881 678 2963 moneto
695 2881 799 3016 naga

87 2990 90 2995 -
175 2990 177 2994 ·
729 2976 759 3016 ur
777 2977 802 3022 u
