1814 3316
200 148 241 210 60
426 126 472 193 T.
501 126 531 194 L
553 130 566 194 l
589 126 621 194 V
643 128 657 193 I
680 127 702 191 1.

198 237 266 293 dimi
282 231 413 293 militibus:
443 233 491 296 ille,
518 234 538 289 st
558 233 619 307 quid
638 234 762 308 projedtis
777 250 808 291 ac
821 231 907 308 prodi

198 321 230 375 ad
239 315 409 375 inconsultam
421 328 496 390 atque
508 316 681 389 improvidam
693 334 809 392 pugnam
820 314 903 390 legio

200 399 248 457 bus
270 400 400 458 accideret,
428 395 452 452 se
475 396 563 452 omnis
579 394 658 471 culpae
678 397 815 459 erinnem,
841 414 907 453 orm

199 496 307 539 eventus
319 477 469 555 participem
481 476 537 533 fore
547 477 650 534 dicerer.
665 478 769 541 videret,
795 476 896 551 utqui

200 562 288 639 lingua
303 576 357 618 tarn
371 574 495 635 prompta
506 577 536 615 ac
548 558 686 623 temeraria,
707 558 781 637 aequb
792 560 821 617 in
842 576 907 635 ptr-‚rt

202 645 317 720 rigerent
333 659 433 699 manus.

241 727 328 781 XLV.
347 726 420 780 Dum
432 718 633 779 altercationibus
646 721 730 798 magis
748 716 828 795 quim
847 734 907 777 con

201 803 242 862 liis
253 820 356 879 tempus
366 805 462 867 teritus,
485 800 591 859 Annibal
604 821 635 858 ert
647 803 709 864 acie,
726 820 806 876 quam
817 802 848 859 ad
863 819 892 857 ru

204 904 265 945 tum
277 887 327 943 diei
338 898 451 943 tenuerat
464 884 625 946 instrudiam,
644 902 728 958 quum
748 883 776 937 in
792 883 873 940 castra
896 911 903 929 ·

204 983 268 1027 teras
281 968 401 1042 reciperet
411 966 508 1040 copias,
529 964 659 1021 Numidas
676 964 707 1020 ad
728 963 884 1021 invadendos
905 998 907 1005 ‹

203 1048 348 1105 minoribus
360 1047 443 1105 castris
457 1051 640 1103 Romanorum
658 1057 791 1121 aquatores
802 1060 871 1102 trans
883 1044 903 1101 fl

205 1148 268 1187 nren
281 1129 371 1187 mittit.
386 1145 466 1202 quam
479 1126 638 1184 inconditam
655 1126 758 1184 turbam
776 1144 860 1202 quum
878 1126 902 1181 ri

205 1212 270 1269 dum
287 1211 315 1265 in
327 1211 410 1283 ripam
431 1208 521 1285 egrotis
540 1206 652 1264 clamore
669 1227 700 1264 ac
715 1207 831 1263 tumultu
881 1232 903 1275 μ’.

204 1291 270 1357 ient,
289 1292 317 1347 in
335 1290 472 1348 stationem
491 1306 596 1366 quoque
612 1288 740 1363 provallo
753 1287 874 1352 locatam,
900 1318 902 1323 .

205 1394 257 1451 que
271 1373 334 1449 ipsas
347 1390 425 1449 prope
437 1386 523 1447 portas
531 1371 615 1427 eredii
627 1369 695 1428 sunt.
733 1370 763 1425 ld
787 1387 849 1427 reto
870 1370 906 1418 ἰι

206 1474 294 1540 gnum
315 1454 409 1517 visum,
438 1452 471 1510 ab
484 1451 651 1510 tumultuario
671 1448 765 1509 amilio
781 1452 839 1525 jam
881 1451 895 1494 ’ν’

206 1539 285 1594 castra
297 1538 419 1590 Romana
432 1536 526 1595 terreri,
547 1546 577 1590 ut
589 1551 616 1590 ea
629 1530 711 1590 modd
723 1550 773 1589 uua
787 1532 880 1597 cauffo,

206 1614 338 1691 extemplo
358 1613 490 1671 transirent
510 1614 619 1677 flumen,
643 1615 828 1692 dirigerentque
842 1615 907 1671 a'··=

206 1698 318 1755 tenuerit
336 1699 486 1757 Romanos,
510 1692 580 1773 qubd
602 1695 704 1753 summa
721 1696 824 1771 imperii
842 1714 877 1753 eo
899 1725 905 1743 ·

205 1796 285 1855 penes
299 1775 414 1835 Paullum
430 1774 516 1836 fuerit.
559 1779 648 1854 Itaque
664 1783 747 1834 Varro
763 1779 865 1851 pollero
884 1778 902 1833 d

207 1861 253 1917 cui
268 1858 321 1917 sors
333 1858 388 1932 ejus
399 1857 448 1913 diei
461 1857 562 1934 impaii
572 1875 633 1923 erat,
651 1857 714 1916 nibil
730 1857 848 1915 consulto
860 1878 888 1917 c·
906 1862 907 1877 ²

207 1958 251 2017 ga,
270 1941 479 2019 signumpugnae
490 1940 635 2017 proposuit.-
657 1938 900 2017 instrudisiquecop

207 2020 310 2080 flumen
321 2022 441 2085 traduxit,
458 2018 576 2097 sequente
589 2020 687 2081 Paullo:
706 2020 767 2096 quia
779 2022 864 2100 magis
883 2040 901 2079 u

209 2106 326 2179 probare,
357 2102 437 2182 quim
460 2121 515 2160 non
535 2103 654 2179 adjurare
673 2102 806 2161 confilium
828 2118 903 2179 poter

208 2185 481 2266 Transgreffiflumen
500 2204 541 2242 eas
550 2204 663 2261 quoque,
680 2186 777 2260 quasin
790 2185 875 2243 culitis
893 2214 898 2235 .

209 2268 315 2325 nuribus
331 2266 475 2328 habuerant,
503 2268 588 2338 copias
610 2267 660 2323 suis
674 2266 829 2342 adjungunt:
859 2282 904 2343 atq

208 2347 247 2405 ita
260 2347 381 2404 instructa
393 2346 455 2407 acie,
473 2345 500 2399 in
511 2345 601 2403 dextro
614 2365 696 2403 cornu
710 2346 750 2423 (id
763 2362 816 2405 erat
830 2348 906 2405 num

209 2429 327 2503 propius)
345 2428 480 2481 Romanos
498 2427 594 2500 equites
607 2425 703 2491 locant,
726 2428 817 2486 deiude
831 2430 891 2502 pedi

208 2506 304 2566 latrum
319 2522 400 2581 cornu
412 2507 521 2562 extremi
531 2509 628 2583 equites
642 2506 780 2571 sociorum,
807 2510 874 2567 intra
898 2538 905 2558 ι

211 2591 286 2654 dites,
304 2588 335 2646 ad
350 2587 466 2642 medium
487 2588 573 2661 juniii
590 2587 732 2665 legionibus
750 2592 876 2645 Romanis
904 2620 907 2638 ι

213 2685 322 2728 aruerunt
342 2666 499 2742 jaculatores.
522 2688 554 2725 ex
574 2672 661 2727 ceteris
681 2669 778 2726 ier-ium
799 2686 906 2728 armoru

211 2751 309 2811 auxiliis
320 2751 403 2828 prima
415 2751 480 2807 acies
490 2749 569 2810 fasta.
606 2748 729 2807 Consules
741 2766 838 2807 cornua
850 2766 894 2809 ten

210 2848 282 2917 =sttui,
300 2831 434 2918 Terentius
444 2828 550 2916 laevum
564 2828 690 2915 AEt'ttil'ttts
700 2831 829 2891 dextrum.
