1814 3316
273 140 490 212 urrann
530 142 641 210 xxrr.
764 164 807 227 4⁹

74 249 120 307 eho
131 254 162 310 δι
177 250 209 308 Ρ.
222 248 313 307 Furius
324 245 420 304 Philus.
460 250 555 304 Romae
574 247 627 321 juri
637 244 750 302 dicundo
766 266 810 303 ur-

80 330 136 389 lana
148 329 206 388 sors
215 330 382 405 Pomponior
403 328 468 403 iuter
481 329 549 385 cives
558 333 695 386 Romanos
708 333 736 385 δι
751 346 810 403 pcr-

77 414 179 490 egrirros
202 414 232 469 P.
250 412 328 468 Furio
339 408 413 465 Philo
425 411 519 467 cuerit.
567 410 652 467 Additi
670 409 723 466 duo
742 429 809 485 prae·

76 506 149 557 tures,
179 496 219 551 M.
233 491 356 549 Claudius
371 490 502 548 Marcellus
521 492 548 547 in
564 491 685 552 Siciliam,
707 496 736 549 L.
756 493 809 547 Po·

76 576 184 633 ffirmius
198 572 305 631 Albinus
317 574 345 628 in
359 569 476 630 Galliam.
514 576 616 630 Omnes
630 570 742 630 absentes
752 591 809 631 cre·

77 658 109 713 ati
125 655 199 713 sunt:
232 673 281 712 nec
297 654 420 729 cuiquam
435 670 536 716 eurum,
553 670 644 729 praeter
658 656 808 712 Terentium

35 744 38 749 '
77 736 217 801 consulem,
239 750 294 792 erat
317 734 452 791 mandatus
470 732 562 799 honos,
580 752 660 808 quem
682 736 737 807 jum
754 754 809 791 non

77 834 153 877 antea
164 817 288 896 geffiffeu
300 815 432 893 praeteritis
443 813 540 892 aliquot
548 814 657 873 fortibus
668 832 698 871 ac
705 810 812 873 strenuis

61 908 64 913 “
77 901 153 957 virim
174 900 232 974 quia
248 899 276 955 in
289 898 333 955 tali
342 910 460 972 tempore
472 895 533 954 nulli
546 914 630 955 novus
646 900 811 976 magistratus

81 978 212 1039 videbatur
228 978 398 1037 mandandus.

116 1062 249 1121 xxxvl.
280 1059 413 1119 Exercitus
431 1078 536 1136 quoque
562 1059 723 1139 multiplicati
743 1060 811 1122 firnt.

79 1146 189 1221 Quanta
199 1155 289 1200 autem
298 1141 415 1217 peditum
425 1143 594 1219 equitumque
607 1144 696 1201 additae
708 1144 811 1201 linteo·

78 1227 136 1303 piae,
156 1220 222 1282 adel
235 1227 264 1282 δι
276 1240 388 1281 numero
401 1226 430 1281 &
451 1240 542 1300 genere
559 1225 692 1301 copiarum
715 1228 813 1284 variant

80 1308 209 1369 austum,
225 1320 256 1363 ut
268 1304 313 1361 rix
329 1304 470 1381 quiequam
485 1305 542 1362 satis
560 1320 660 1364 certum
682 1308 812 1364 affirmare

81 1388 176 1446 cufim.
212 1388 314 1445 Decem
333 1383 412 1443 millia
423 1403 555 1443 novorum
570 1386 684 1443 militum
700 1386 739 1442 alii
754 1386 814 1443 scri·

80 1485 129 1548 pte
139 1469 168 1525 in
179 1466 399 1544 supplementum
419 1466 549 1524 aliinoras
567 1482 677 1546 quatuor
692 1466 814 1546 legiones,

80 1567 112 1610 ut
127 1551 195 1609 osto
209 1548 350 1629 legionibus
362 1566 419 1607 rem
434 1562 559 1627 gererent.
583 1569 695 1607 numero
709 1569 814 1627 quoque

80 1633 200 1712 peditum
210 1632 379 1709 equitumque
388 1629 501 1709 legiones
516 1632 612 1696 audias,
636 1630 747 1689 millibus
767 1651 813 1709 pe·

80 1715 168 1773 ditum
179 1718 211 1774 δί
224 1713 338 1773 centenis
349 1712 476 1790 equitibus
488 1713 515 1769 in
528 1713 636 1792 lingulns
645 1714 767 1788 adjectis:
783 1730 814 1773 ut

80 1797 160 1873 quina
173 1793 255 1853 millia
265 1794 388 1871 peditum,
409 1794 505 1853 treceni
515 1796 612 1871 equites
630 1795 721 1853 client:
750 1793 814 1852 socii

81 1876 212 1956 duplicem
226 1894 367 1934 numerum
380 1876 498 1953 equitum
510 1876 606 1942 darent,
624 1878 720 1953 pedites
731 1895 815 1951 aequa·

80 1973 149 2020 tent.
189 1962 296 2037 Septem
314 1961 343 2017 tr
356 1959 491 2037 octoginta
505 1958 585 2017 millia
598 1974 771 2020 armatorum,
784 1962 813 2016 ὃς

81 2041 209 2099 amtor
225 2042 253 2099 in
264 2040 350 2099 eastris
365 2040 503 2103 Romanis,
520 2058 602 2115 quum
617 2053 763 2117 pugnatum
783 2039 814 2094 ad

86 2124 189 2181 Cannas
196 2124 243 2186 est,
260 2122 364 2199 quidam
377 2118 568 2179 auctoressunt.
607 2119 671 2176 Illud
684 2117 816 2192 haudqua-

85 2222 166 2281 quam
176 2202 308 2279 discrepat,
328 2202 428 2276 mjnre
441 2216 536 2261 conatu
548 2216 624 2279 arque
638 2200 739 2278 impetu
758 2218 816 2259 rem

83 2286 189 2349 altam.
216 2282 297 2361 quim
317 2283 442 2361 prioribus
456 2284 541 2350 annin
573 2283 632 2360 quia
652 2281 724 2359 spem
745 2284 817 2358 poffe

85 2366 155 2425 vinci
168 2366 272 2425 hostem
280 2366 391 2425 dicutur
403 2364 551 2440 prebuerat.
587 2362 718 2428 cunum
737 2364 817 2440 priuss

84 2466 167 2525 quum
181 2448 253 2526 sigua
266 2447 300 2507 ab
312 2447 375 2504 urbe
388 2464 464 2504 novae
474 2444 586 2525 legionen
604 2459 749 2509 moverent,
773 2447 819 2505 de-

32 2534 47 2593 ζ·
88 2530 198 2587 cemviri
213 2526 292 2587 libros
309 2527 378 2585 adire
394 2540 471 2604 atque
488 2526 609 2603 inspicere
623 2527 692 2602 jum,
715 2545 819 2603 propte:

87 2612 188 2671 territos
200 2609 280 2689 rulgn
291 2608 412 2667 homines
423 2607 498 2667 novis
511 2608 642 2685 prodigiis.
657 2626 718 2665 nam
728 2611 820 2667 &Ro-

90 2711 141 2751 ωε
161 2695 192 2751 in
213 2692 356 2753 Aventino,
382 2693 411 2748 δι
425 2690 515 2747 Ariciae
527 2690 678 2746 nunciatum
690 2702 753 2753 erat,
773 2690 820 2751 sub

90 2775 159 2832 idern
171 2790 279 2849 tempus
291 2768 414 2849 hpidibm
425 2769 528 2847 pluisser
548 2774 576 2830 &
590 2769 674 2829 multo
688 2789 776 2828 cruore
788 2774 822 2829 sr-

92 2876 144 2937 gna
155 2856 185 2915 in
199 2855 302 2913 sabinia
315 2852 399 2919 cardis,
418 2870 494 2931 cquae
507 2846 523 2911 ὲ
534 2850 608 2911 fonte
622 2853 712 2913 calidas
723 2850 822 2909 nunus-

32 2980 34 2985 .
97 2918 291 3023 -yonurr
534 2932 561 2991 c
792 2928 835 2993 u.
