1814 3316
140 308 182 359 ιο
387 258 650 358 rnivm

136 416 185 457 uec
198 396 277 458 calon
289 384 344 457 ulo
358 397 473 457 tumultu
485 414 560 458 mota
578 400 661 465 videar
680 400 810 479 increpans

136 482 199 539 dem
214 482 299 539 vittas
319 483 425 540 nudem
441 484 550 543 Martios
566 484 669 541 animos
682 487 810 543 Romano

133 562 346 643 debellatumque,
365 570 395 622 δι
410 565 560 623 concessum
580 567 617 623 eia
632 566 765 644 propalam
777 569 810 627 de

134 652 191 704 tute
203 665 235 705 ec
250 646 332 727 gloria
342 647 401 711 effe,
431 650 459 705 iu
472 649 553 705 castra
567 648 651 706 rediit.
670 646 785 711 cunum
801 666 810 709 t

134 727 466 793 cumauimumincensus‚
483 729 553 809 qudd
574 731 810 797 carnunculam

134 830 215 889 quam
230 812 356 871 Flaminio
381 816 587 888 sempronioque
603 812 694 878 srmili‚
723 813 810 873 futura

133 912 175 953 res
186 896 265 959 effer,
280 916 311 954 ac
322 910 383 955 tum
400 896 511 953 demum
522 894 610 953 edoni
617 894 690 953 malis
699 899 808 954 Roman

134 995 193 1034 rem
215 977 334 1037 Annibali
350 980 446 1035 ducem
466 976 622 1055 quaesrlsent:
658 981 686 1036 δι
709 980 810 1055 prodeo

133 1059 251 1137 quidem,
270 1080 324 1117 non
340 1061 395 1117 vim
411 1061 542 1118 dibbatoris
556 1058 688 1136 extemplo
702 1060 802 1121 timuit.

135 1142 256 1201 stannam
268 1141 413 1200 hauddum
428 1157 555 1218 expertus,
575 1144 671 1220 agitare
682 1161 712 1200 ac
731 1158 810 1202 tentat

135 1224 242 1282 nimum
258 1225 392 1281 movendo
408 1222 497 1282 crebrb
509 1226 597 1288 castra,
627 1223 810 1303 populanduqu

135 1305 216 1364 oculis
231 1307 288 1380 ejus
304 1326 379 1385 agros
392 1305 532 1371 sociorum,
554 1307 651 1383 coepit:
676 1312 704 1366 ἃ
719 1306 802 1367 modu

134 1399 164 1447 to
175 1388 283 1466 agmine
293 1386 309 1447 ὲ
322 1386 463 1465 oonspeetu
476 1388 569 1453 abibat,
588 1386 672 1449 modd
681 1406 787 1466 repente
805 1390 810 1447 i

135 1468 208 1547 liquo
221 1470 291 1531 flexu
304 1471 362 1537 viae,
387 1470 408 1529 fi
428 1471 543 1547 excipere
557 1470 703 1549 degressum
724 1473 753 1531 in
769 1489 810 1549 req

136 1552 230 1630 pollet,
253 1552 371 1613 occultus
390 1550 547 1614 subiistebat.
584 1553 676 1613 Fabius
692 1571 739 1630 per
757 1552 810 1615 lou

135 1652 234 1713 egmen
246 1636 363 1701 ducebar,
381 1636 489 1693 modico
499 1636 532 1691 ab
543 1634 617 1691 lroste
628 1632 769 1699 intervallo,
789 1654 810 1692 ur

136 1716 416 1793 queomittereteum,
435 1732 517 1792 neque
529 1716 733 1793 congrederetur.
772 1717 810 1774 Ca

135 1796 185 1855 nifi
207 1812 335 1875 quantum
359 1796 419 1858 usur
438 1794 575 1869 necessarid
594 1814 713 1895 cogeret,
740 1796 810 1856 renel

138 1876 229 1939 mue«.
241 1880 363 1958 pabulum
381 1885 410 1942 be
427 1864 497 1961 ligna
515 1899 565 1941 nec
576 1881 651 1959 pauci
670 1878 800 1959 petebant.

136 1960 242 2041 pallito
262 1965 380 2041 equitum
398 1962 510 2043 levisque
522 1976 657 2023 armaturae
671 1964 745 2022 ilatio
764 1983 810 2023 cor

138 2044 187 2104 frte
200 2044 410 2141 ἱπΐπιιᾷιψείη
426 2044 522 2105 subitos
533 2044 669 2111 tumultus,
688 2042 780 2105 &suo
800 2065 810 2103 r

138 2137 197 2188 tuta
210 2129 308 2193 omnia,
327 2132 355 2189 δι
370 2127 460 2187 infesta
477 2127 562 2187 effusis
582 2127 698 2186 bostium
738 2126 810 2204 opula

139 2209 187 2271 bur
200 2208 335 2292 praebebat.
354 2230 437 2291 neque
448 2211 567 2283 universo
582 2208 697 2290 periculo
714 2146 810 2269 lbmma

139 2312 202 2353 rum
226 2293 447 2355 oommittebatur:
478 2298 506 2354 δι
526 2312 604 2371 parva
622 2306 759 2351 momenta
779 2292 810 2351 ler

139 2377 314 2435 certaminum
334 2394 368 2434 ex
387 2390 618 2449 tutocoeptorum‚
638 2373 752 2431 finitimo
762 2390 810 2433 ren

141 2455 335 2516 effuefaciebant
355 2457 474 2513 territum
496 2455 607 2532 pristinis
629 2451 740 2513 cladibus
754 2456 810 2513 mili

142 2534 231 2598 minus
244 2538 300 2613 jam
312 2537 418 2597 tandem
431 2550 475 2597 aut
489 2538 598 2602 virtutis,
614 2550 658 2595 aut
668 2534 778 2595 fortunae
790 2558 810 2614 p

142 2634 195 2679 tere
217 2617 277 2678 suae.
323 2620 446 2678 sednon
469 2618 621 2677 Annibalem
648 2621 731 2697 magis
752 2619 810 2678 infer

141 2718 198 2763 tem
211 2700 277 2761 sanis
288 2700 398 2760 confiliis
411 2700 524 2767 habebat,
545 2699 625 2779 qubm
640 2702 792 2779 magistrum
805 2723 810 2757 r

142 2800 212 2845 tum.
228 2785 273 2861 qui
287 2783 348 2842 nihil
359 2784 433 2849 aliud,
456 2781 534 2861 qulam
548 2783 619 2861 qubd
632 2783 734 2857 parebat
746 2784 773 2839 in
793 2783 810 2839 ir

143 2869 192 2931 rio,
211 2887 293 2924 morae
304 2868 334 2924 ad
348 2867 466 2944 rempub.
484 2866 691 2943 praecipitandam
704 2864 809 2923 habebat

144 2970 191 3009 rox
209 2948 358 3026 rapidusque
369 2952 396 3005 in
411 2948 528 3013 comilis,
554 2969 583 3006 ac
599 2948 685 3026 lingua
704 2948 810 3005 immod,

146 3030 233 3112 primb
247 3033 312 3091 inter
323 3051 430 3112 paucos,
448 3032 507 3091 dein
520 3031 655 3111 propalam
678 3031 705 3090 in
720 3029 810 3111 vulgus
