1814 3316
59 156 122 224 320
292 112 587 204 T.1.1v11'

49 245 121 321 litos,
142 243 233 322 inquit,
250 262 327 302 mores
344 243 425 320 consui
436 243 509 320 serre
524 257 614 322 petere,
638 259 693 321 uqi

56 487 136 545 daim
157 487 209 565 effe.
252 490 325 544 Tum
346 489 468 550 centurie,
494 492 523 547 δι
543 487 693 545 annonem

56 569 337 628 viriteadminntium
350 569 416 626 cirea
427 567 543 631 fremitu,
559 565 693 645 petitio

56 663 86 707 ut
101 650 234 708 Veturiam
246 651 374 708 seniorum
388 651 484 709 citaret.
502 648 566 708 velle
576 649 626 706 sese
641 668 693 707 cun

55 730 155 806 joribua
178 747 240 790 natu
262 729 387 807 colloqui,
423 736 450 788 δι
469 750 502 788 ex
520 732 693 788 auetoritater

57 810 171 870 consuler
185 813 273 875 dicere.
298 813 389 870 citatis
404 814 516 870 veturiae
525 811 676 875 senioribus,

58 891 155 951 secreto
166 894 193 949 in
203 893 272 951 Ovili
286 912 347 950 cum
364 892 402 949 his
415 893 575 970 colloquendi
588 908 693 966 tempus

57 976 142 1032 niorea
155 975 187 1030 de
199 975 277 1031 tribus
291 972 475 1030 consulendum
490 975 610 1031 duerunt
628 972 693 1028 effe·

56 1053 133 1110 bue
123 1072 179 1129 Jam
196 1053 273 1127 plenis
290 1053 431 1116 honorum,
457 1058 492 1128 Q
513 1053 590 1112 netto
611 1057 640 1111 δι
658 1055 689 1108 M

58 1133 134 1201 oello,
153 1138 189 1196 δι,
210 1134 336 1211 iiutique
353 1152 453 1192 uorum
464 1134 575 1212 aliquem
590 1133 693 1191 aduersu

58 1234 107 1272 nos
124 1214 255 1274 confidem
276 1217 354 1273 creari
372 1213 471 1278 velient,
501 1221 542 1275 M.
554 1214 685 1274 Valerium

57 1316 123 1356 num
138 1299 240 1378 egregie
228 1295 364 1356 adrasus
377 1296 522 1373 Philippum
539 1315 629 1375 regem
646 1313 694 1354 terr

20 1408 23 1413 ·
57 1381 130 1457 rique
142 1399 181 1437 res
194 1378 299 1458 gess'rflia
338 1382 378 1436 Ita
390 1379 422 1437 de
439 1377 517 1436 tribur
536 1377 694 1436 consultatio

57 1475 91 1526 ta,
103 1458 402 1527 senioribusdimiffis,¹
395 1462 506 1534 juniores
524 1457 694 1538 suffragium

61 1546 100 1599 M.
120 1542 257 1599 Claudium
282 1540 430 1599 Marcellum
452 1540 595 1618 fulgentem
621 1556 680 1599 tum

58 1621 165 1684 domita,
196 1627 224 1678 δι
246 1625 285 1678 M.
297 1621 427 1679 Valerium
441 1621 564 1679 absenteis
582 1622 694 1680 confines

18 1722 25 1783 y
57 1714 127 1761 runt.
153 1701 330 1759 audioritatem
351 1705 526 1796 prerogativae
550 1721 644 1760 omnes
669 1721 694 1761 ce

13 1781 148 1841 secutae
159 1782 227 1841 sunt.
266 1780 373 1841 Eludant
384 1803 455 1841 nunc
469 1786 572 1860 antiqua
584 1785 694 1842 mirante

57 1866 174 1941 equidem
190 1865 271 1941 iiqua
286 1865 317 1923 srt
328 1864 478 1941 sapientium
492 1868 588 1928 civitas.
613 1885 694 1943 quem

58 1947 160 2026 fingunt
175 1949 258 2024 magis
267 1944 347 2024 quim
364 1950 468 2010 ndrunt,
489 1961 532 2006 aut
544 1965 674 2023 principes
687 1965 694 2025 1

57 2046 96 2086 res
107 2025 386 2107 temperantioresque
376 2049 390 2085 a
402 2028 538 2104 cupidine
531 2030 641 2104 imperii,
663 2047 694 2087 au

58 2111 196 2169 titudinem
224 2109 314 2167 melius
340 2125 467 2167 moratam
485 2108 602 2167 censeam
627 2111 683 2166 fieri

57 2192 209 2249 Centuriam
223 2193 308 2286 vero
299 2193 434 2284 juniorum
451 2191 559 2247 seniores
572 2188 694 2247 consulere

58 2349 695 2428 ,ι

55 2427 142 2503 viique
154 2372 221 2504 apud
235 2429 325 2486 liberos
334 2434 473 2491 auctoritas
485 2433 602 2490 feeit.

96 2511 202 2566 xx111.
219 2512 337 2567 Praetoria
350 2510 408 2568 inde
420 2515 529 2571 comitia
540 2512 633 2573 habita.
676 2517 695 2572 1³

55 2585 103 2646 iius
118 2586 205 2652 Volso,
225 2592 252 2648 δι
267 2595 296 2648 L.
308 2591 417 2650 Manlius
431 2595 559 2659 Acidinus,
587 2599 616 2655 δι
629 2596 664 2652 C.
679 2599 695 2652 1

52 2688 92 2733 ur,
114 2674 143 2728 δι
158 2674 189 2728 L.
204 2671 310 2728 Cincius
325 2672 465 2731 Alimentus
480 2677 556 2733 creati
567 2673 635 2734 sunt.
674 2679 694 2733 F

51 2764 78 2808 ta
90 2749 188 2817 incidit,
206 2765 235 2809 ut
248 2754 359 2811 comitiis
372 2756 491 2830 perfedtis
502 2757 674 2820 nunciaretur,

49 2831 175 2902 taedium,
193 2850 273 2912 quem
289 2839 323 2895 Τ.
335 2835 442 2903 Manto,
463 2835 508 2894 nifi
527 2836 695 2917 interpellatur
