1814 3316
131 143 188 208 192
342 120 386 186 T.
419 118 450 185 L
470 119 484 184 1
506 117 538 185 V
559 119 572 183 l
594 117 608 182 1

124 224 275 305 responsum
297 226 356 284 est.-
382 235 468 305 Neque
485 226 610 304 mapa
619 226 675 304 sese
691 227 846 307 Syracusanis.

127 326 158 369 ue
170 322 253 384 pacem
264 322 308 386 pra
319 308 348 382 se
362 328 420 364 cum
433 311 547 366 Romanis
561 307 700 385 facerent5
731 328 809 387 neque
820 324 850 364 te·

126 395 177 449 aeri
196 392 280 448 alienis
299 388 441 463 federibus.
479 394 542 447 Haec
562 389 594 446 ad
616 392 759 447 Romanos
786 394 849 466 Syra·

125 471 211 530 cusani
221 468 374 534 detulerunt,
390 468 528 527 abnuentes
541 470 685 528 Leontinos
703 471 733 527 in
756 469 799 530 sua
809 488 850 546 po

125 555 213 611 testare
225 552 282 611 effe.
300 553 391 628 itaque,
418 553 517 631 integro
530 550 618 609 secum
633 550 744 616 foedere,
766 551 848 610 bellum

126 636 265 691 Romanos
287 651 350 690 cum
369 633 400 689 iis
420 634 542 711 gesturos,
560 650 645 709 neque
664 631 715 689 sese
729 632 850 692 defirtruot

126 716 151 772 ei
166 715 247 772 bello:
270 715 314 779 ita,
333 715 401 771 utin
414 715 565 791 potestatem
578 714 684 779 redasti,
705 712 758 772 surr
776 713 849 773 rurlur

126 797 230 854 ditionis
243 795 331 861 essent,
347 796 412 853 srcut
424 813 472 872 pax
486 794 653 853 convenisset.
885 859 889 866 ,

168 883 257 936 XXX.
279 876 409 935 Marcellus
422 894 485 933 cum
500 877 575 932 omni
591 877 706 934 exercitu
729 876 850 953 prosesiua
883 873 888 920 l

126 960 155 1016 in
168 960 317 1022 leontinus,
333 960 418 1035 Appio
431 976 535 1034 quoque
546 958 640 1023 accito,
658 973 689 1016 ut
702 956 780 1017 altera
792 975 852 1036 patre
885 929 889 980 l

128 1041 311 1119 aggrederetur,
329 1055 402 1098 tanto
415 1040 502 1095 ardore
518 1037 632 1096 militum
648 1040 686 1096 est
702 1038 763 1099 usus
781 1040 812 1097 ab
822 1043 851 1098 ita
886 1037 891 1086 l

126 1122 191 1179 inter
202 1122 360 1180 conditiones
373 1121 440 1196 pacis
453 1120 593 1178 intersesbae
610 1121 738 1183 stationis,
766 1135 794 1180 ut
807 1122 852 1199 pri·

127 1221 177 1260 mo
191 1205 290 1281 impetu
303 1202 393 1260 urbem
409 1217 592 1279 expugnarent.
631 1202 802 1279 Hippocrates
820 1219 852 1262 at·

127 1302 178 1362 que
193 1283 326 1361 Epicydes,
351 1285 517 1360 posteaquam
529 1285 585 1358 capi
600 1301 693 1341 muros
704 1282 852 1365 refringique

128 1381 215 1443 portas
228 1366 353 1431 viderunt,
379 1366 407 1421 in
430 1384 515 1422 arcem
535 1364 585 1423 sese
606 1385 670 1423 cum
684 1367 775 1441 paucis
791 1383 853 1424 rece·

129 1466 196 1523 pere.
216 1449 274 1506 inde
287 1446 355 1506 clam
369 1448 447 1504 noete
460 1446 598 1505 Herbesum
614 1446 776 1525 perfugiunt.
812 1452 854 1524 Sy·
891 1477 895 1518 p

127 1528 261 1593 racusanis,
285 1531 349 1586 osio
367 1528 477 1586 millium
492 1541 649 1586 armatorum
674 1530 782 1605 agmine
800 1547 855 1606 pro·
892 1577 896 1584 .

128 1610 306 1672 feettsdomo,
329 1610 360 1666 ad
376 1610 476 1685 Mylam
496 1611 594 1668 flumen
609 1611 720 1667 nuncius
740 1611 853 1674 occurrit.
892 1613 895 1622 '

129 1705 232 1763 captam
245 1687 335 1746 urbem
349 1689 417 1754 esser
436 1706 517 1748 cetera
531 1691 589 1748 falsa
598 1692 674 1749 mista
684 1692 751 1749 veris
764 1692 851 1750 meur:
893 1695 896 1704 '

127 1770 225 1829 caedem
246 1770 421 1846 promiscuam
437 1772 551 1831 militum
573 1791 649 1851 atque
669 1773 853 1850 oppidanorum

126 1850 234 1914 sesiam,
251 1871 299 1910 nec
313 1870 474 1930 quemquam
487 1852 607 1929 puberem
628 1852 742 1912 arbitrari
753 1852 853 1931 superd-

128 1933 176 1999 se3
201 1934 325 2010 direptam
348 1934 460 2001 urbem;
489 1934 556 1993 bona
576 1934 737 2012 locupletum
758 1936 854 1994 donata.

129 2014 169 2072 Ad
180 2017 306 2073 nuncium
321 2033 376 2074 tam
395 2032 509 2076 atrocem
524 2019 638 2076 constitit
655 2036 753 2096 agmen
768 2040 774 2075 :
794 2035 854 2075 con·

128 2095 261 2175 citatisque
278 2097 407 2162 omnibus,
434 2099 519 2164 duces,
548 2100 629 2170 (eraut
643 2116 732 2157 autem
749 2098 816 2159 Sofis
827 2115 854 2156 tc

125 2180 297 2253 Dinomenes)
317 2182 378 2259 quid
394 2196 505 2261 agerent,
524 2179 704 2239 consultabant.
745 2180 855 2240 Terrotis

126 2260 237 2335 speciem
250 2261 317 2318 haud
331 2281 423 2319 vanam
436 2263 570 2323 mendacio
591 2261 754 2338 praebuerant
773 2261 854 2319 vobe-

126 2341 173 2397 tari
188 2359 218 2396 ac
230 2339 309 2398 securi
323 2344 429 2416 percussi
445 2343 582 2422 oansfirgae
600 2344 631 2400 ad
644 2344 700 2401 duo
715 2342 794 2402 millia
809 2342 853 2400 lto

126 2421 241 2478 minum.
265 2417 377 2477 ceterum
398 2426 585 2481 maurinorum
607 2424 776 2503 militumque
797 2423 854 2483 aliu·

125 2518 186 2556 rum
206 2517 286 2556 nemo
305 2504 363 2576 post
380 2521 482 2577 captam
505 2505 595 2563 urbem
620 2505 730 2564 violatus
754 2505 853 2564 firmat:

126 2579 218 2656 suaque
236 2583 327 2639 omnia
342 2584 386 2647 eis,
417 2586 464 2643 niti
484 2605 541 2662 quae
557 2589 656 2663 primus
673 2586 803 2645 tumultus
816 2603 853 2645 ca·

124 2674 176 2738 ptae
190 2660 258 2720 urbis
271 2664 450 2742 absumpserat,
470 2669 658 2727 restituebantur
707 2671 769 2727 Nec
782 2681 811 2726 ut
829 2667 852 2724 iu

126 2744 269 2803 Leontinos
281 2748 355 2812 irem,
376 2749 489 2824 proditos
499 2751 530 2808 ad
549 2751 646 2808 caedem
662 2749 854 2810 commilitones

124 2842 264 2903 querentes,
291 2830 393 2909 perpell
411 2847 534 2915 potarunt
567 2850 617 2891 uec
636 2846 667 2894 ut
686 2832 783 2927 eodem
799 2829 854 2888 loco

713 2928 850 2975 oestlosem
