1814 3316
247 154 455 223 moun
496 148 640 222 xxvii.
741 181 844 248 42„
903 208 906 213 .

76 266 168 323 omnia
179 265 308 344 explorata
320 266 448 325 referrent.
487 268 538 322 Pro
556 279 692 341 comperto
708 267 808 333 habere,

77 348 241 405 Asdrubalem
257 350 356 426 ingenti
374 349 428 421 jam
449 348 544 404 cordio
555 348 667 405 exercitu
684 348 808 426 proximo

78 448 137 487 vere
153 428 225 504 Alpes
240 429 429 504 trajediurum:
455 444 573 485 nectum
590 448 652 486 eum
665 421 809 507 quicquam

77 511 143 568 aliud
157 512 263 575 morari,
279 510 325 566 nili
338 507 505 588 quddrlausae
522 509 608 566 hieme
627 509 701 587 Alpes
719 511 809 571 effent.

77 594 111 648 ln
125 590 214 648 locum
230 593 270 648 M.
284 570 440 669 Mareelli'l'⁸
453 590 532 647 AElius
547 594 630 648 Paetus
644 611 726 670 augur
740 612 809 651 crea-

76 687 130 737 tus,
156 670 386 750 inauguratusque:
415 675 445 730 dt
459 674 511 729 Cn.
528 672 663 729 Cornelius
683 672 810 739 Dolabella

78 771 121 811 rex
136 752 264 811 sacrorum
277 754 440 831 inauguratus
451 755 486 810 est
501 753 529 808 in
551 751 638 809 locum
656 758 695 812 M.
710 756 811 820 Marcii,

79 837 124 911 qui
135 833 239 890 biemrio
256 848 314 892 ante
329 848 449 891 mmtuus
462 848 523 891 erat.
561 838 622 891 Hoc
634 834 727 891 eodem
741 853 813 894 anno

80 921 107 974 dt
119 914 226 972 lustrum
242 915 377 973 eonditum
387 915 424 972 est
437 911 452 970 d
466 913 609 973 censoribus
622 919 650 972 P.
658 917 813 992 Sempronio

79 997 211 1056 Tuditano
223 1000 252 1054 ὃς
266 999 306 1056 Μ.
320 993 442 1052 Cornelio
453 994 580 1073 Cethego.
620 996 701 1055 Censa
712 998 811 1054 civium
826 1061 828 1066 ,

81 1078 165 1153 capita
183 1091 288 1134 centum
308 1078 412 1154 triginta
428 1075 525 1152 septem
545 1077 631 1142 millia,
660 1094 765 1137 centum
782 1083 811 1138 de
862 1088 867 1099 '
899 1078 904 1091 ¹

82 1159 166 1216 odio:
196 1159 284 1214 minor
303 1158 431 1234 aliquanto
449 1177 572 1221 numerus
590 1158 670 1236 quim
690 1161 813 1237 quiante

82 1239 177 1297 bellum
193 1237 282 1297 fuerat.
319 1243 360 1298 Eo
370 1257 440 1296 anuo
452 1239 577 1314 primum,
591 1260 623 1296 ex
636 1261 691 1317 quo
707 1239 816 1297 Annibal

82 1319 525 1384 in=1taliamveniffet,‚comitium
547 1321 648 1377 tedium
672 1320 730 1384 effe,
756 1338 814 1379 me·

83 1404 175 1460 moriae·
191 1401 323 1476 proditum
337 1402 394 1458 est.-
415 1404 442 1459 &
455 1399 528 1457 ludos
540 1404 677 1458 Romanos
686 1400 763 1460 semel
774 1404 816 1458 in·

84 1486 206 1542 namatus
229 1482 261 1539 ab
279 1480 533 1540 aedilibuocurulibus
554 1486 590 1558 Q
608 1482 711 1542 Metello
730 1487 758 1542 dt
782 1485 816 1542 C.

85 1563 202 1624 Servilio.
227 1567 255 1622 δι
277 1562 380 1638 plebejir
399 1561 464 1619 ludis
481 1563 587 1621 biduum
603 1566 769 1623 instauratum
784 1565 817 1623 ab

86 1650 124 1722 Q
138 1645 256 1703 iriamilio
273 1649 301 1702 δι
316 1649 357 1703 Μ.
368 1644 474 1702 Caeeilio
488 1644 592 1705 Metello
605 1647 714 1705 aedilibus
731 1647 818 1724 plebis.

88 1732 116 1786 δι
130 1727 177 1783 tria
188 1727 260 1804 signa
274 1727 307 1783 ad
321 1728 418 1784 Cereris
432 1727 513 1785 :odem
530 1728 652 1786 dederim
667 1752 673 1785 ε
700 1735 728 1788 dt
743 1730 818 1807 Joris

86 1805 194 1884 epulum
214 1806 263 1865 fuit
289 1806 407 1864 ludorum
428 1809 519 1864 caussa
567 1807 736 1865 Consulatum
758 1810 817 1866 inde

87 1893 178 1947 ineunt
200 1889 232 1945 C.
252 1888 372 1946 Claudius
395 1890 468 1945 Nero
489 1892 516 1947 &
541 1891 582 1945 M.
603 1890 690 1947 Livius
713 1891 820 1949 iterum.

89 1972 144 2048 qui,
173 1971 233 2047 quia
248 1970 307 2044 'jam
332 1969 453 2048 dedignati
470 1970 614 2045 provincias
637 1969 719 2028 sortiti
739 1986 819 2037 erant,

88 2068 207 2128 praetores
223 2050 304 2109 sortiri
316 2051 449 2126 jusserunt.
489 2052 522 2108 C.
533 2050 641 2108 Hostilio
655 2050 751 2109 urbana
762 2071 821 2110 ere·

91 2136 150 2191 nit:
170 2133 253 2190 addita
265 2139 292 2192 δι
305 2134 444 2210 peregrina,
454 2143 484 2188 ut
494 2146 544 2188 tres
559 2133 585 2192 in
599 2133 743 2210 provincius
754 2135 823 2191 exire

90 2216 200 2291 pulsent.
241 2217 272 2272 A.
288 2211 397 2273 Hostrlio
410 2212 530 2275 Sardinia,
553 2214 587 2270 C.
601 2213 719 2272 Mamilio
729 2214 824 2279 sicilia,

93 2295 324 2355 L..PorcioGrllia
335 2296 429 2352 evenit.
468 2298 578 2352 Summa
597 2294 729 2376 legionum
741 2297 823 2355 trium

93 2381 122 2434 &
137 2378 228 2458 viginti
242 2399 250 2441 r
268 2379 304 2436 'ua
318 2395 362 2452 per
375 2376 519 2450 provincius
531 2375 616 2442 diuisa,
634 2391 664 2435 ut
678 2377 744 2435 binae
760 2397 823 2437 eon·

95 2453 178 2514 sulum
191 2457 279 2521 edient,
297 2472 407 2533 quatuor
422 2455 540 2534 Hispania
553 2457 672 2517 habam:
700 2475 749 2519 tres
759 2477 824 2536 prae·

96 2548 164 2594 tores
175 2536 254 2603 binas,
272 2541 299 2595 in
313 2537 404 2602 Sicilia,
419 2539 447 2594 in
463 2539 582 2605 Sardinia,
602 2546 629 2599 δι
641 2540 741 2605 Galliar
764 2542 827 2598 duae

96 2618 130 2674 C.
145 2619 281 2677 Terentius
290 2621 318 2677 in
332 2620 432 2679 Etruria
446 2644 454 2685 ς
472 2621 533 2678 duae
545 2625 581 2696 Q
597 2618 738 2680 Fulviurin
754 2625 827 2678 Brut·

96 2699 139 2757 tiis
150 2719 160 2765 ς
181 2697 243 2753 duas
254 2704 290 2776 Q
301 2701 421 2760 Claudius
434 2703 505 2760 eirca
515 2705 658 2762 Tarentum
679 2709 707 2763 dt
723 2700 829 2761 Salenti-

97 2796 170 2845 nosr
198 2796 278 2836 unam
299 2782 333 2839 C.
354 2782 475 2841 Hostilius
494 2781 609 2841 tubulus
630 2786 743 2862 Capuae:
772 2786 829 2841 duae

89 2862 202 2943 ‚urbana
218 2875 247 2922 ut
263 2859 436 2923 scriberem.
459 2864 551 2944 primis
562 2864 831 3026 quatuorlegligffi
