1814 3316
76 299 116 364 16
309 294 353 363 T.
387 294 419 363 L
440 297 454 363 l
474 297 506 364 V
528 299 541 363 l
564 299 576 362 l

72 403 136 465 lidia
155 400 317 482 disponerent
331 404 423 484 quibus
441 402 504 465 locis
517 405 650 470 videretur,
669 402 810 481 pontesque

73 486 244 548 rescinderent
254 488 408 547 fluminum.
426 489 458 547 ad
475 503 578 566 penates
592 504 641 565 pro
657 486 719 544 urbe
731 487 810 545 dimi-

73 570 187 631 candum
201 569 260 636 effe,
277 572 381 648 quando
396 571 495 631 Italiam
510 574 574 631 tueri
587 569 737 647 nequitiem.
795 564 798 571 '

116 654 168 713 IX.
184 653 296 712 Annibal
313 654 388 712 recto
406 656 495 713 itincre
514 674 560 732 per
575 653 714 712 Umbriam
732 651 812 730 usque

70 735 102 797 ad
118 733 254 815 spoletum
275 739 354 797 venit.
375 738 442 803 inde,
462 756 546 815 quum
561 734 729 814 perpopulato
748 754 814 815 agro

71 818 165 880 urbem
178 836 249 898 oppu
270 824 332 879 narc'
344 820 449 879 adortus
463 820 532 887 eiset,
552 838 616 879 cum
630 836 727 897 magna
743 820 811 877 carde

72 900 181 962 suorum
193 922 239 981 rep
294 923 315 970 s,
329 904 479 979 conjet‘lana
491 921 524 961 ex
537 903 614 961 unius
626 901 733 960 coloniae
743 901 811 959 haud

71 984 153 1045 nbnis
165 985 285 1064 prospere
300 998 406 1045 tentatae
416 985 522 1049 viribus,
539 999 633 1064 quanta
654 984 737 1041 moles
754 989 811 1042 Ro·

74 1086 162 1129 manae
174 1067 245 1127 urbis
259 1068 329 1134 esset,
346 1070 375 1127 in
391 1086 485 1149 agrum
504 1069 630 1126 Picenum
646 1068 739 1125 avertit
756 1067 811 1133 iter,

70 1168 129 1293 {22¹}
147 1148 541 1314 titlltrlzbss‘tli
554 1149 812 1309 {inbibit}

71 1330 176 1397 egentes
186 1315 325 1392 rapiebant.
366 1316 405 1376 Ibi
418 1334 463 1394 per
477 1318 530 1374 dics
549 1315 646 1393 aliquot
662 1316 750 1374 stativa
767 1315 811 1374 ha·

71 1396 138 1459 bita:
160 1396 322 1475 refestusque
338 1398 411 1457 miles
428 1397 539 1456 hibernis
552 1397 682 1457 itineribus
695 1417 726 1456 ac
742 1398 811 1475 palu·

70 1480 115 1540 stri
144 1481 196 1545 via,
223 1482 367 1559 proelioque
389 1484 472 1561 magis
496 1481 527 1540 ad
552 1497 675 1541 eventum
700 1479 812 1538 secundo

72 1564 156 1641 quim
175 1562 225 1621 levi
240 1578 285 1624 aut
301 1562 370 1623 facili
381 1564 500 1626 arianus.
540 1565 594 1624 Ubi
606 1563 663 1624 satis
675 1564 756 1640 quieti
766 1564 810 1621 da·

71 1660 141 1710 tum,
166 1647 250 1723 praeda
270 1666 301 1705 ac
326 1646 532 1724 populationibus
551 1650 636 1725 magis
655 1642 735 1721 quim
755 1647 812 1704 otio

71 1742 117 1788 aut
141 1729 228 1806 requie
252 1728 429 1810 gaudentibus,
456 1729 598 1806 profestos,
628 1726 809 1787 Praautianum

69 1810 281 1888 Hadrianumque
293 1830 397 1891 agrum,
417 1811 514 1871 Marsos
528 1812 589 1870 inde
601 1806 811 1886 Marrucinosque

71 1896 101 1953 be
115 1893 236 1971 Pelignus
249 1894 371 1961 devastat,
390 1895 509 1974 circaque
532 1898 611 1972 Arpos
628 1896 656 1952 bt
673 1893 808 1951 Luceriam

69 1978 221 2053 proximam
239 1977 339 2057 Apuiiae
352 1980 496 2057 regionem.
534 1978 587 2035 Cn.
605 1973 723 2033 Servilius
743 1994 808 2033 con·

68 2057 116 2125 sul,
138 2059 235 2119 levibus
252 2058 352 2138 proeliis
365 2080 428 2119 cum
442 2058 520 2120 Gallis
534 2060 606 2124 aeris,
626 2063 653 2117 δι
667 2076 722 2114 uno
733 2059 810 2136 oppi-

67 2141 104 2199 do
117 2142 225 2220 ignobili
239 2155 396 2222 expugnato,
415 2144 552 2219 postquam
567 2141 600 2198 de
619 2139 723 2218 collegae
735 2159 811 2198 exer·

70 2223 186 2302 citusque
207 2226 277 2284 caede
295 2225 403 2289 audirirs
427 2225 482 2300 jam
503 2221 638 2281 moenibus
650 2223 738 2301 patriae
753 2243 810 2283 me·

70 2319 154 2372 tuens,
173 2326 207 2364 ne
220 2306 312 2367 abesset
324 2309 353 2365 in
367 2307 515 2366 discrimine
527 2322 652 2371 extremo,
674 2308 705 2365 ad
718 2308 810 2366 urbem

68 2388 116 2446 iter
137 2389 255 2446 intendit.
295 2394 331 2460 Q.
354 2389 445 2445 Fabius
467 2390 610 2453 Maximus,
633 2389 746 2445 diblator
763 2390 811 2447 ite·

68 2467 812 2634 ‘liiiidtuligl‘illlliiff‘liillisi

68 2632 105 2689 tia
125 2631 332 2692 caerimoniarum
356 2633 589 2713 auspiciorumque,
607 2632 687 2713 quim
707 2639 811 2695 temeri·

68 2724 119 2770 tate
140 2727 217 2792 atque
233 2714 340 2783 inscitia,
361 2730 498 2793 peccatum
517 2716 532 2776 i
551 2720 585 2777 C.
596 2718 725 2777 Flaminio
745 2740 811 2778 con·

67 2792 119 2852 sule
136 2795 194 2860 esse,
221 2816 330 2874 quaeque
349 2799 448 2875 piacula
467 2802 509 2858 irae
524 2800 611 2859 Dcirrn
631 2801 719 2866 essent,
742 2802 809 2878 ipsos

70 2878 142 2933 Deos
163 2879 329 2939 consulendos
348 2884 416 2939 effe.-
445 2885 562 2960 pervicit,
590 2898 619 2941 ut
645 2885 735 2959 (quod
756 2905 810 2943 non

69 2957 153 3015 ferme
167 2962 317 3028 decernitur,
339 2965 386 3023 nisi
397 2983 480 3042 quum
500 2980 561 3022 retra
576 2965 690 3043 prodigia
703 2971 809 3026 nuncia·

69 3052 98 3119 ta
118 3040 193 3126 sunt)
213 3044 352 3107 detersum
372 3046 447 3132 libros
464 3046 596 3125 Sibyllinos
609 3049 675 3108 adire
689 3050 808 3127 juberen-

716 3141 720 3151 “
760 3146 802 3187 tur
