<?xml version="1.0" encoding="UTF-8"?>
<!DOCTYPE html PUBLIC "-//W3C//DTD XHTML 1.0 Transitional//EN"
    "http://www.w3.org/TR/xhtml1/DTD/xhtml1-transitional.dtd">
<html xmlns="http://www.w3.org/1999/xhtml" xml:lang="en" lang="en">
 <head>
  <title>
</title>
<meta http-equiv="Content-Type" content="text/html;charset=utf-8" />
  <meta name='ocr-system' content='tesseract 3.04.00' />
  <meta name='ocr-capabilities' content='ocr_page ocr_carea ocr_par ocr_line ocrx_word'/>
</head>
<body>
  <div class='ocr_page' id='page_1' title='image "./tliviipatavinih02livygoog_0259.png"; bbox 0 0 1814 3316; ppageno 0'>
   <div class='ocr_carea' id='block_1_1' title="bbox 93 168 651 258">
    <p class='ocr_par' dir='ltr' id='par_1_1' title="bbox 93 168 651 258">
     <span class='ocr_line' id='line_1_1' title="bbox 93 168 651 258; baseline -0.004 -23"><span class='ocrx_word' id='word_1_1' title='bbox 93 177 170 258; x_wconf 65' lang='lat'>390=</span> <span class='ocrx_word' id='word_1_2' title='bbox 327 168 596 245; x_wconf 67' lang='lat' dir='ltr'>T.1,‚1v11</span> <span class='ocrx_word' id='word_1_3' title='bbox 634 188 651 205; x_wconf 94' lang='lat'>··</span> 
     </span>
    </p>
   </div>
   <div class='ocr_carea' id='block_1_2' title="bbox 11 258 859 2998">
    <p class='ocr_par' dir='ltr' id='par_1_2' title="bbox 11 258 859 2998">
     <span class='ocr_line' id='line_1_2' title="bbox 91 258 815 349; baseline -0.008 -20"><span class='ocrx_word' id='word_1_4' title='bbox 91 258 187 329; x_wconf 79' lang='lat' dir='ltr'>AEdiles</span> <span class='ocrx_word' id='word_1_5' title='bbox 200 268 278 347; x_wconf 84' lang='lat' dir='ltr'>piebis</span> <span class='ocrx_word' id='word_1_6' title='bbox 290 286 471 330; x_wconf 75' lang='lat' dir='ltr'>commentum</span> <span class='ocrx_word' id='word_1_7' title='bbox 484 269 518 328; x_wconf 83' lang='lat' dir='ltr'>eb</span> <span class='ocrx_word' id='word_1_8' title='bbox 528 268 735 349; x_wconf 72' lang='lat' dir='ltr'>comperirent</span> <span class='ocrx_word' id='word_1_9' title='bbox 749 265 815 323; x_wconf 79' lang='lat' dir='ltr'>Ono·</span> 
     </span>
     <span class='ocr_line' id='line_1_3' title="bbox 74 347 814 429; baseline -0.011 -18"><span class='ocrx_word' id='word_1_10' title='bbox 74 347 155 421; x_wconf 81' lang='lat' dir='ltr'>¹suies</span> <span class='ocrx_word' id='word_1_11' title='bbox 166 350 313 429; x_wconf 74' lang='lat' dir='ltr'>senatusque</span> <span class='ocrx_word' id='word_1_12' title='bbox 330 354 358 410; x_wconf 89' lang='lat' dir='ltr'>io</span> <span class='ocrx_word' id='word_1_13' title='bbox 369 350 447 412; x_wconf 73' lang='lat' dir='ltr'>&#39;catha</span> <span class='ocrx_word' id='word_1_14' title='bbox 466 370 599 411; x_wconf 83' lang='lat' dir='ltr'>venerunt.</span> <span class='ocrx_word' id='word_1_15' title='bbox 619 352 656 408; x_wconf 85' lang='lat' dir='ltr'>ibi</span> <span class='ocrx_word' id='word_1_16' title='bbox 670 349 702 406; x_wconf 86' lang='lat' dir='ltr'>de</span> <span class='ocrx_word' id='word_1_17' title='bbox 719 348 814 406; x_wconf 79' lang='lat' dir='ltr'>summa</span> 
     </span>
     <span class='ocr_line' id='line_1_4' title="bbox 89 429 815 509; baseline -0.004 -20"><span class='ocrx_word' id='word_1_18' title='bbox 89 433 215 509; x_wconf 82' lang='lat' dir='ltr'>republioe</span> <span class='ocrx_word' id='word_1_19' title='bbox 234 433 416 493; x_wconf 80' lang='lat' dir='ltr'>constritatum.</span> <span class='ocrx_word' id='word_1_20' title='bbox 465 433 564 493; x_wconf 76' lang='lat' dir='ltr'>Placuit</span> <span class='ocrx_word' id='word_1_21' title='bbox 586 429 733 492; x_wconf 81' lang='lat' dir='ltr'>oonsulibus</span> <span class='ocrx_word' id='word_1_22' title='bbox 757 429 815 487; x_wconf 78' lang='lat' dir='ltr'>cire</span> 
     </span>
     <span class='ocr_line' id='line_1_5' title="bbox 90 508 814 592; baseline -0.001 -22"><span class='ocrx_word' id='word_1_23' title='bbox 90 529 176 590; x_wconf 80' lang='lat' dir='ltr'>portas</span> <span class='ocrx_word' id='word_1_24' title='bbox 188 514 319 574; x_wconf 79' lang='lat' dir='ltr'><strong>Collinam</strong></span> <span class='ocrx_word' id='word_1_25' title='bbox 330 516 551 592; x_wconf 80' lang='lat' dir='ltr'>AEsquiiinamque</span> <span class='ocrx_word' id='word_1_26' title='bbox 562 532 661 592; x_wconf 67' lang='lat' dir='ltr'>ponere</span> <span class='ocrx_word' id='word_1_27' title='bbox 670 513 767 571; x_wconf 78' lang='lat' dir='ltr'>castra:</span> <span class='ocrx_word' id='word_1_28' title='bbox 787 508 814 566; x_wconf 63' lang='grc' dir='ltr'>(ἱ</span> 
     </span>
     <span class='ocr_line' id='line_1_6' title="bbox 90 592 816 675; baseline -0.001 -24"><span class='ocrx_word' id='word_1_29' title='bbox 90 592 261 671; x_wconf 80' lang='lat' dir='ltr'>Calpurnium</span> <span class='ocrx_word' id='word_1_30' title='bbox 283 615 420 675; x_wconf 87' lang='lat' dir='ltr'>praetorem</span> <span class='ocrx_word' id='word_1_31' title='bbox 443 597 573 656; x_wconf 82' lang='lat' dir='ltr'>urbanum</span> <span class='ocrx_word' id='word_1_32' title='bbox 596 593 731 672; x_wconf 80' lang='lat' dir='ltr'>Capitolio</span> <span class='ocrx_word' id='word_1_33' title='bbox 748 606 816 669; x_wconf 75' lang='lat' dir='ltr'>atque</span> 
     </span>
     <span class='ocr_line' id='line_1_7' title="bbox 88 674 816 756; baseline 0 -25"><span class='ocrx_word' id='word_1_34' title='bbox 88 678 142 733; x_wconf 88' lang='lat' dir='ltr'>arci</span> <span class='ocrx_word' id='word_1_35' title='bbox 155 680 276 754; x_wconf 78' lang='lat' dir='ltr'>praeeffe:</span> <span class='ocrx_word' id='word_1_36' title='bbox 298 678 454 739; x_wconf 86' lang='lat' dir='ltr'>&amp;senatum</span> <span class='ocrx_word' id='word_1_37' title='bbox 467 680 631 756; x_wconf 75' lang='lat' dir='ltr'>frequentem</span> <span class='ocrx_word' id='word_1_38' title='bbox 647 678 677 733; x_wconf 89' lang='lat' dir='ltr'>in</span> <span class='ocrx_word' id='word_1_39' title='bbox 686 674 748 732; x_wconf 82' lang='lat' dir='ltr'>foro</span> <span class='ocrx_word' id='word_1_40' title='bbox 762 689 816 732; x_wconf 84' lang='lat' dir='ltr'>eon·</span> 
     </span>
     <span class='ocr_line' id='line_1_8' title="bbox 33 755 816 839; baseline -0.01 -18"><span class='ocrx_word' id='word_1_41' title='bbox 33 816 35 821; x_wconf 92' lang='lat'><em>.</em></span> <span class='ocrx_word' id='word_1_42' title='bbox 89 756 175 825; x_wconf 81' lang='lat' dir='ltr'>sineri,</span> <span class='ocrx_word' id='word_1_43' title='bbox 201 760 223 817; x_wconf 86' lang='lat' dir='ltr'>sr</span> <span class='ocrx_word' id='word_1_44' title='bbox 240 761 302 839; x_wconf 91' lang='lat' dir='ltr'>quid</span> <span class='ocrx_word' id='word_1_45' title='bbox 314 763 341 819; x_wconf 91' lang='lat' dir='ltr'>iu</span> <span class='ocrx_word' id='word_1_46' title='bbox 361 775 415 818; x_wconf 86' lang='lat' dir='ltr'>tam</span> <span class='ocrx_word' id='word_1_47' title='bbox 429 760 516 818; x_wconf 80' lang='lat' dir='ltr'>subitis</span> <span class='ocrx_word' id='word_1_48' title='bbox 532 757 609 816; x_wconf 81' lang='lat' dir='ltr'>rebus</span> <span class='ocrx_word' id='word_1_49' title='bbox 625 755 748 816; x_wconf 83' lang='lat' dir='ltr'>consulto</span> <span class='ocrx_word' id='word_1_50' title='bbox 758 769 816 832; x_wconf 68' lang='lat' dir='ltr'>opii</span> 
     </span>
     <span class='ocr_line' id='line_1_9' title="bbox 90 836 816 903; baseline -0.001 -8"><span class='ocrx_word' id='word_1_51' title='bbox 90 839 160 899; x_wconf 74' lang='lat' dir='ltr'>ess&#39;er.</span> <span class='ocrx_word' id='word_1_52' title='bbox 200 845 270 900; x_wconf 82' lang='lat' dir='ltr'>iuter</span> <span class='ocrx_word' id='word_1_53' title='bbox 282 845 338 901; x_wconf 79' lang='lat' dir='ltr'>huc</span> <span class='ocrx_word' id='word_1_54' title='bbox 349 841 454 900; x_wconf 78' lang='lat' dir='ltr'>Annibal</span> <span class='ocrx_word' id='word_1_55' title='bbox 464 840 496 898; x_wconf 83' lang='lat' dir='ltr'>td</span> <span class='ocrx_word' id='word_1_56' title='bbox 509 841 638 903; x_wconf 82' lang='lat' dir='ltr'>Anienem</span> <span class='ocrx_word' id='word_1_57' title='bbox 652 839 767 897; x_wconf 80' lang='lat' dir='ltr'>fluvium</span> <span class='ocrx_word' id='word_1_58' title='bbox 777 836 816 894; x_wconf 80' lang='lat' dir='ltr'>trie</span> 
     </span>
     <span class='ocr_line' id='line_1_10' title="bbox 89 915 817 999; baseline -0.003 -23"><span class='ocrx_word' id='word_1_59' title='bbox 89 920 170 979; x_wconf 87' lang='lat' dir='ltr'>miliia</span> <span class='ocrx_word' id='word_1_60' title='bbox 181 923 296 999; x_wconf 84' lang='lat' dir='ltr'>paffuum</span> <span class='ocrx_word' id='word_1_61' title='bbox 311 925 343 981; x_wconf 89' lang='lat' dir='ltr'>ab</span> <span class='ocrx_word' id='word_1_62' title='bbox 357 922 418 981; x_wconf 84' lang='lat' dir='ltr'>urbe</span> <span class='ocrx_word' id='word_1_63' title='bbox 429 923 507 982; x_wconf 73' lang='lat' dir='ltr'>mun</span> <span class='ocrx_word' id='word_1_64' title='bbox 517 921 648 980; x_wconf 68' lang='lat' dir='ltr'>admovit.</span> <span class='ocrx_word' id='word_1_65' title='bbox 663 918 711 984; x_wconf 90' lang='lat' dir='ltr'>ibi,</span> <span class='ocrx_word' id='word_1_66' title='bbox 731 915 817 977; x_wconf 71' lang='lat' dir='ltr'>mori</span> 
     </span>
     <span class='ocr_line' id='line_1_11' title="bbox 88 992 817 1080; baseline -0.005 -20"><span class='ocrx_word' id='word_1_67' title='bbox 88 1002 186 1075; x_wconf 83' lang='lat' dir='ltr'>politis,</span> <span class='ocrx_word' id='word_1_68' title='bbox 204 1003 256 1080; x_wconf 75' lang='lat' dir='ltr'>ipiie</span> <span class='ocrx_word' id='word_1_69' title='bbox 266 1023 330 1062; x_wconf 90' lang='lat' dir='ltr'>cum</span> <span class='ocrx_word' id='word_1_70' title='bbox 343 1004 442 1062; x_wconf 86' lang='lat' dir='ltr'>duobus</span> <span class='ocrx_word' id='word_1_71' title='bbox 454 1001 565 1061; x_wconf 80' lang='lat' dir='ltr'>millibus</span> <span class='ocrx_word' id='word_1_72' title='bbox 579 992 701 1079; x_wconf 81' lang='lat' dir='ltr'>e‘quitum</span> <span class='ocrx_word' id='word_1_73' title='bbox 720 998 736 1057; x_wconf 83' lang='lat' dir='ltr'>ai</span> <span class='ocrx_word' id='word_1_74' title='bbox 752 1011 817 1074; x_wconf 69' lang='lat' dir='ltr'>port!</span> 
     </span>
     <span class='ocr_line' id='line_1_12' title="bbox 11 1079 815 1160; baseline -0.004 -21"><span class='ocrx_word' id='word_1_75' title='bbox 11 1136 15 1149; x_wconf 84' lang='grc'><strong>,</strong></span> <span class='ocrx_word' id='word_1_76' title='bbox 89 1082 190 1140; x_wconf 75' lang='lat' dir='ltr'>Collina</span> <span class='ocrx_word' id='word_1_77' title='bbox 201 1079 322 1160; x_wconf 85' lang='lat' dir='ltr'>usquead</span> <span class='ocrx_word' id='word_1_78' title='bbox 336 1084 451 1144; x_wconf 86' lang='lat' dir='ltr'>Herculis</span> <span class='ocrx_word' id='word_1_79' title='bbox 463 1083 594 1160; x_wconf 86' lang='lat' dir='ltr'>templum</span> <span class='ocrx_word' id='word_1_80' title='bbox 605 1085 646 1141; x_wconf 86' lang='lat' dir='ltr'>est</span> <span class='ocrx_word' id='word_1_81' title='bbox 660 1080 815 1159; x_wconf 81' lang='lat' dir='ltr'>progress&#39;ur:</span> 
     </span>
     <span class='ocr_line' id='line_1_13' title="bbox 88 1162 817 1242; baseline 0.001 -24"><span class='ocrx_word' id='word_1_82' title='bbox 88 1177 166 1239; x_wconf 85' lang='lat' dir='ltr'>atque</span> <span class='ocrx_word' id='word_1_83' title='bbox 179 1166 247 1222; x_wconf 87' lang='lat' dir='ltr'>unde</span> <span class='ocrx_word' id='word_1_84' title='bbox 260 1162 379 1242; x_wconf 66' lang='lat' dir='ltr'>proximi</span> <span class='ocrx_word' id='word_1_85' title='bbox 392 1179 501 1242; x_wconf 86' lang='lat' dir='ltr'>poterat,</span> <span class='ocrx_word' id='word_1_86' title='bbox 519 1165 620 1223; x_wconf 80' lang='lat' dir='ltr'>rotenia</span> <span class='ocrx_word' id='word_1_87' title='bbox 635 1163 770 1241; x_wconf 75' lang='lat' dir='ltr'>utumque</span> <span class='ocrx_word' id='word_1_88' title='bbox 781 1178 817 1219; x_wconf 88' lang='lat' dir='ltr'>nr·</span> 
     </span>
     <span class='ocr_line' id='line_1_14' title="bbox 87 1241 818 1325; baseline 0.003 -27"><span class='ocrx_word' id='word_1_89' title='bbox 87 1241 126 1301; x_wconf 75' lang='lat' dir='ltr'>be</span> <span class='ocrx_word' id='word_1_90' title='bbox 143 1244 293 1324; x_wconf 77' lang='lat' dir='ltr'>obequitans</span> <span class='ocrx_word' id='word_1_91' title='bbox 311 1245 539 1325; x_wconf 79' lang='lat' dir='ltr'>contemplabatur.</span> <span class='ocrx_word' id='word_1_92' title='bbox 586 1245 617 1303; x_wconf 88' lang='lat' dir='ltr'>Id</span> <span class='ocrx_word' id='word_1_93' title='bbox 631 1262 697 1303; x_wconf 90' lang='lat' dir='ltr'>eum</span> <span class='ocrx_word' id='word_1_94' title='bbox 717 1241 818 1302; x_wconf 74' lang='lat' dir='ltr'>tenti·</span> 
     </span>
     <span class='ocr_line' id='line_1_15' title="bbox 89 1322 859 1407; baseline -0.001 -24"><span class='ocrx_word' id='word_1_95' title='bbox 89 1339 177 1385; x_wconf 86' lang='lat' dir='ltr'>center</span> <span class='ocrx_word' id='word_1_96' title='bbox 187 1347 263 1407; x_wconf 80' lang='lat' dir='ltr'>atqu:</span> <span class='ocrx_word' id='word_1_97' title='bbox 271 1328 356 1390; x_wconf 75' lang='lat' dir='ltr'>otiose</span> <span class='ocrx_word' id='word_1_98' title='bbox 365 1329 455 1393; x_wconf 78' lang='lat' dir='ltr'>fatere,</span> <span class='ocrx_word' id='word_1_99' title='bbox 476 1328 567 1386; x_wconf 71' lang='lat' dir='ltr'>macco</span> <span class='ocrx_word' id='word_1_100' title='bbox 582 1324 725 1404; x_wconf 83' lang='lat' dir='ltr'>indiguum</span> <span class='ocrx_word' id='word_1_101' title='bbox 738 1322 817 1383; x_wconf 82' lang='lat' dir='ltr'>risum</span> <span class='ocrx_word' id='word_1_102' title='bbox 857 1322 859 1377; x_wconf 95' lang='grc' dir='ltr'>Ι</span> 
     </span>
     <span class='ocr_line' id='line_1_16' title="bbox 89 1406 817 1488; baseline 0 -25"><span class='ocrx_word' id='word_1_103' title='bbox 89 1410 135 1466; x_wconf 88' lang='lat' dir='ltr'>est.</span> <span class='ocrx_word' id='word_1_104' title='bbox 160 1412 245 1487; x_wconf 89' lang='lat' dir='ltr'>itaque</span> <span class='ocrx_word' id='word_1_105' title='bbox 259 1413 367 1470; x_wconf 79' lang='lat' dir='ltr'>immisit</span> <span class='ocrx_word' id='word_1_106' title='bbox 385 1413 489 1488; x_wconf 84' lang='lat' dir='ltr'>equites,</span> <span class='ocrx_word' id='word_1_107' title='bbox 514 1406 728 1484; x_wconf 78' lang='lat' dir='ltr'>summoverique</span> <span class='ocrx_word' id='word_1_108' title='bbox 748 1420 817 1483; x_wconf 80' lang='lat' dir='ltr'>atque</span> 
     </span>
     <span class='ocr_line' id='line_1_17' title="bbox 87 1488 817 1570; baseline -0.001 -26"><span class='ocrx_word' id='word_1_109' title='bbox 87 1488 116 1544; x_wconf 92' lang='lat' dir='ltr'>in</span> <span class='ocrx_word' id='word_1_110' title='bbox 132 1494 209 1549; x_wconf 82' lang='lat' dir='ltr'>castra</span> <span class='ocrx_word' id='word_1_111' title='bbox 223 1494 302 1570; x_wconf 86' lang='lat' dir='ltr'>redigi</span> <span class='ocrx_word' id='word_1_112' title='bbox 314 1493 427 1550; x_wconf 77' lang='lat' dir='ltr'>bostium</span> <span class='ocrx_word' id='word_1_113' title='bbox 440 1491 584 1567; x_wconf 80' lang='lat' dir='ltr'>equitatum</span> <span class='ocrx_word' id='word_1_114' title='bbox 602 1488 685 1562; x_wconf 80' lang='lat' dir='ltr'>juffit.</span> <span class='ocrx_word' id='word_1_115' title='bbox 731 1492 817 1564; x_wconf 80' lang='lat' dir='ltr'>Quum</span> 
     </span>
     <span class='ocr_line' id='line_1_18' title="bbox 87 1567 818 1647; baseline 0.004 -22"><span class='ocrx_word' id='word_1_116' title='bbox 87 1572 258 1629; x_wconf 76' lang='lat' dir='ltr'>commissum</span> <span class='ocrx_word' id='word_1_117' title='bbox 280 1574 404 1647; x_wconf 86' lang='lat' dir='ltr'>proelium</span> <span class='ocrx_word' id='word_1_118' title='bbox 431 1573 499 1634; x_wconf 82' lang='lat' dir='ltr'>effer,</span> <span class='ocrx_word' id='word_1_119' title='bbox 536 1567 650 1629; x_wconf 78' lang='lat' dir='ltr'>consuler</span> <span class='ocrx_word' id='word_1_120' title='bbox 677 1569 818 1647; x_wconf 58' lang='lat' dir='ltr'>tranrfwi</span> 
     </span>
     <span class='ocr_line' id='line_1_19' title="bbox 88 1650 817 1727; baseline 0.001 -21"><span class='ocrx_word' id='word_1_121' title='bbox 88 1652 274 1716; x_wconf 77' lang='lat' dir='ltr'>Numidarum,</span> <span class='ocrx_word' id='word_1_122' title='bbox 291 1652 337 1727; x_wconf 90' lang='lat' dir='ltr'>qui</span> <span class='ocrx_word' id='word_1_123' title='bbox 348 1666 406 1709; x_wconf 91' lang='lat' dir='ltr'>tum</span> <span class='ocrx_word' id='word_1_124' title='bbox 423 1653 449 1708; x_wconf 90' lang='lat' dir='ltr'>in</span> <span class='ocrx_word' id='word_1_125' title='bbox 462 1653 593 1711; x_wconf 77' lang='lat' dir='ltr'>Aventino</span> <span class='ocrx_word' id='word_1_126' title='bbox 603 1650 721 1709; x_wconf 77' lang='lat' dir='ltr'>od&#39;miiie</span> <span class='ocrx_word' id='word_1_127' title='bbox 734 1655 763 1711; x_wconf 73' lang='grc' dir='ltr'>δι</span> <span class='ocrx_word' id='word_1_128' title='bbox 774 1651 817 1707; x_wconf 84' lang='lat' dir='ltr'>du·</span> 
     </span>
     <span class='ocr_line' id='line_1_20' title="bbox 87 1730 817 1810; baseline 0.004 -25"><span class='ocrx_word' id='word_1_129' title='bbox 87 1746 176 1789; x_wconf 82' lang='lat' dir='ltr'>centor</span> <span class='ocrx_word' id='word_1_130' title='bbox 187 1746 267 1795; x_wconf 87' lang='lat' dir='ltr'>erant,</span> <span class='ocrx_word' id='word_1_131' title='bbox 292 1733 376 1801; x_wconf 85' lang='lat' dir='ltr'>modia</span> <span class='ocrx_word' id='word_1_132' title='bbox 393 1730 455 1790; x_wconf 87' lang='lat' dir='ltr'>urbe</span> <span class='ocrx_word' id='word_1_133' title='bbox 473 1733 579 1790; x_wconf 82' lang='lat' dir='ltr'>transire</span> <span class='ocrx_word' id='word_1_134' title='bbox 592 1730 729 1810; x_wconf 57' lang='lat' dir='ltr'>AEbuilias</span> <span class='ocrx_word' id='word_1_135' title='bbox 744 1730 817 1808; x_wconf 68' lang='lat' dir='ltr'>just·</span> 
     </span>
     <span class='ocr_line' id='line_1_21' title="bbox 85 1811 817 1892; baseline 0.007 -26"><span class='ocrx_word' id='word_1_136' title='bbox 85 1828 146 1872; x_wconf 89' lang='lat' dir='ltr'>runt</span> <span class='ocrx_word' id='word_1_137' title='bbox 158 1836 165 1874; x_wconf 90' lang='lat'>:</span> <span class='ocrx_word' id='word_1_138' title='bbox 186 1813 270 1873; x_wconf 85' lang='lat' dir='ltr'>nullos</span> <span class='ocrx_word' id='word_1_139' title='bbox 280 1815 398 1892; x_wconf 82' lang='lat' dir='ltr'>aptiores,</span> <span class='ocrx_word' id='word_1_140' title='bbox 415 1815 480 1873; x_wconf 84' lang='lat' dir='ltr'>inter</span> <span class='ocrx_word' id='word_1_141' title='bbox 490 1812 615 1872; x_wconf 74' lang='lat' dir='ltr'>conradet</span> <span class='ocrx_word' id='word_1_142' title='bbox 627 1814 751 1891; x_wconf 67' lang='lat' dir='ltr'>teditque</span> <span class='ocrx_word' id='word_1_143' title='bbox 761 1811 817 1871; x_wconf 75' lang='lat' dir='ltr'>brt·</span> 
     </span>
     <span class='ocr_line' id='line_1_22' title="bbox 86 1895 815 1972; baseline 0.005 -24"><span class='ocrx_word' id='word_1_144' title='bbox 86 1908 175 1954; x_wconf 87' lang='lat' dir='ltr'>torum</span> <span class='ocrx_word' id='word_1_145' title='bbox 191 1900 219 1957; x_wconf 77' lang='grc' dir='ltr'>δι</span> <span class='ocrx_word' id='word_1_146' title='bbox 233 1895 361 1972; x_wconf 87' lang='lat' dir='ltr'>sepulchra</span> <span class='ocrx_word' id='word_1_147' title='bbox 372 1910 416 1954; x_wconf 82' lang='lat' dir='ltr'>eut</span> <span class='ocrx_word' id='word_1_148' title='bbox 427 1915 502 1954; x_wconf 81' lang='lat' dir='ltr'>ceras</span> <span class='ocrx_word' id='word_1_149' title='bbox 516 1896 629 1971; x_wconf 89' lang='lat' dir='ltr'>undique</span> <span class='ocrx_word' id='word_1_150' title='bbox 644 1896 709 1958; x_wconf 80' lang='lat' dir='ltr'>riae,</span> <span class='ocrx_word' id='word_1_151' title='bbox 725 1895 758 1952; x_wconf 84' lang='lat' dir='ltr'>ad</span> <span class='ocrx_word' id='word_1_152' title='bbox 771 1910 815 1970; x_wconf 86' lang='lat' dir='ltr'>pu-</span> 
     </span>
     <span class='ocr_line' id='line_1_23' title="bbox 85 1974 816 2055; baseline -0.001 -23"><span class='ocrx_word' id='word_1_153' title='bbox 85 1979 220 2052; x_wconf 82' lang='lat' dir='ltr'>gnandum</span> <span class='ocrx_word' id='word_1_154' title='bbox 235 1976 336 2036; x_wconf 85' lang='lat' dir='ltr'>futuros</span> <span class='ocrx_word' id='word_1_155' title='bbox 352 1979 409 2036; x_wconf 88' lang='lat' dir='ltr'>rati.</span> <span class='ocrx_word' id='word_1_156' title='bbox 433 1996 499 2055; x_wconf 88' lang='lat' dir='ltr'>quos</span> <span class='ocrx_word' id='word_1_157' title='bbox 522 1994 606 2054; x_wconf 91' lang='lat' dir='ltr'>quum</span> <span class='ocrx_word' id='word_1_158' title='bbox 624 1993 659 2033; x_wconf 87' lang='lat' dir='ltr'>ex</span> <span class='ocrx_word' id='word_1_159' title='bbox 669 1994 728 2034; x_wconf 86' lang='lat' dir='ltr'>arce</span> <span class='ocrx_word' id='word_1_160' title='bbox 742 1974 816 2051; x_wconf 83' lang='lat' dir='ltr'>Cepi·</span> 
     </span>
     <span class='ocr_line' id='line_1_24' title="bbox 84 2056 815 2139; baseline -0.003 -24"><span class='ocrx_word' id='word_1_161' title='bbox 84 2058 199 2139; x_wconf 85' lang='lat' dir='ltr'>¹tolioque</span> <span class='ocrx_word' id='word_1_162' title='bbox 213 2059 279 2119; x_wconf 85' lang='lat' dir='ltr'>clivo</span> <span class='ocrx_word' id='word_1_163' title='bbox 293 2059 396 2138; x_wconf 79' lang='lat' dir='ltr'>publico</span> <span class='ocrx_word' id='word_1_164' title='bbox 408 2061 436 2114; x_wconf 92' lang='lat' dir='ltr'>in</span> <span class='ocrx_word' id='word_1_165' title='bbox 452 2058 523 2135; x_wconf 87' lang='lat' dir='ltr'>equis</span> <span class='ocrx_word' id='word_1_166' title='bbox 539 2060 701 2115; x_wconf 81' lang='lat' dir='ltr'>decurrentes</span> <span class='ocrx_word' id='word_1_167' title='bbox 715 2056 815 2136; x_wconf 81' lang='lat' dir='ltr'>quidun</span> 
     </span>
     <span class='ocr_line' id='line_1_25' title="bbox 87 2137 812 2218; baseline 0 -23"><span class='ocrx_word' id='word_1_168' title='bbox 87 2142 224 2216; x_wconf 77' lang='lat' dir='ltr'>vidissentr</span> <span class='ocrx_word' id='word_1_169' title='bbox 259 2161 365 2218; x_wconf 85' lang='lat' dir='ltr'>captum</span> <span class='ocrx_word' id='word_1_170' title='bbox 393 2143 551 2199; x_wconf 83' lang='lat' dir='ltr'>Aventinum</span> <span class='ocrx_word' id='word_1_171' title='bbox 578 2137 812 2197; x_wconf 80' lang='lat' dir='ltr'>concirrnarerunt.</span> 
     </span>
     <span class='ocr_line' id='line_1_26' title="bbox 86 2218 814 2298; baseline 0 -19"><span class='ocrx_word' id='word_1_172' title='bbox 86 2224 125 2279; x_wconf 78' lang='lat' dir='ltr'>Ea</span> <span class='ocrx_word' id='word_1_173' title='bbox 137 2239 177 2281; x_wconf 84' lang='lat' dir='ltr'>res</span> <span class='ocrx_word' id='word_1_174' title='bbox 197 2238 299 2295; x_wconf 76' lang='lat' dir='ltr'>tanturn</span> <span class='ocrx_word' id='word_1_175' title='bbox 320 2221 465 2281; x_wconf 87' lang='lat' dir='ltr'>tumultum</span> <span class='ocrx_word' id='word_1_176' title='bbox 485 2239 515 2278; x_wconf 93' lang='lat' dir='ltr'>ac</span> <span class='ocrx_word' id='word_1_177' title='bbox 535 2218 626 2298; x_wconf 77' lang='lat' dir='ltr'>fugam</span> <span class='ocrx_word' id='word_1_178' title='bbox 641 2219 762 2296; x_wconf 60' lang='lat' dir='ltr'>prebuit,</span> <span class='ocrx_word' id='word_1_179' title='bbox 778 2230 814 2279; x_wconf 82' lang='lat' dir='ltr'>ut.</span> 
     </span>
     <span class='ocr_line' id='line_1_27' title="bbox 85 2297 814 2364; baseline 0.001 -8"><span class='ocrx_word' id='word_1_180' title='bbox 85 2302 134 2358; x_wconf 82' lang='lat' dir='ltr'>nifi</span> <span class='ocrx_word' id='word_1_181' title='bbox 148 2305 226 2360; x_wconf 87' lang='lat' dir='ltr'>castra</span> <span class='ocrx_word' id='word_1_182' title='bbox 240 2305 336 2359; x_wconf 84' lang='lat' dir='ltr'>Punica</span> <span class='ocrx_word' id='word_1_183' title='bbox 348 2318 418 2360; x_wconf 82' lang='lat' dir='ltr'>extra</span> <span class='ocrx_word' id='word_1_184' title='bbox 430 2301 521 2360; x_wconf 86' lang='lat' dir='ltr'>urbem</span> <span class='ocrx_word' id='word_1_185' title='bbox 533 2302 647 2364; x_wconf 74' lang='lat' dir='ltr'>fuissent,</span> <span class='ocrx_word' id='word_1_186' title='bbox 665 2299 775 2359; x_wconf 72' lang='lat' dir='ltr'>effusor</span> <span class='ocrx_word' id='word_1_187' title='bbox 787 2297 814 2357; x_wconf 82' lang='lat' dir='ltr'>se</span> 
     </span>
     <span class='ocr_line' id='line_1_28' title="bbox 85 2382 814 2459; baseline 0.003 -21"><span class='ocrx_word' id='word_1_188' title='bbox 85 2384 173 2440; x_wconf 83' lang='lat' dir='ltr'>omnis</span> <span class='ocrx_word' id='word_1_189' title='bbox 194 2382 283 2459; x_wconf 84' lang='lat' dir='ltr'>pavida</span> <span class='ocrx_word' id='word_1_190' title='bbox 299 2382 440 2440; x_wconf 83' lang='lat' dir='ltr'>muititudo</span> <span class='ocrx_word' id='word_1_191' title='bbox 458 2384 544 2443; x_wconf 76' lang='lat' dir='ltr'>fuerit.</span> <span class='ocrx_word' id='word_1_192' title='bbox 579 2387 659 2441; x_wconf 87' lang='lat' dir='ltr'>Tunc</span> <span class='ocrx_word' id='word_1_193' title='bbox 675 2382 703 2439; x_wconf 90' lang='lat' dir='ltr'>in</span> <span class='ocrx_word' id='word_1_194' title='bbox 723 2384 814 2440; x_wconf 81' lang='lat' dir='ltr'>domni</span> 
     </span>
     <span class='ocr_line' id='line_1_29' title="bbox 84 2460 813 2544; baseline 0 -23"><span class='ocrx_word' id='word_1_195' title='bbox 84 2476 163 2539; x_wconf 80' lang='lat' dir='ltr'>atque</span> <span class='ocrx_word' id='word_1_196' title='bbox 174 2464 201 2518; x_wconf 91' lang='lat' dir='ltr'>in</span> <span class='ocrx_word' id='word_1_197' title='bbox 214 2463 283 2520; x_wconf 74' lang='lat' dir='ltr'>tetta</span> <span class='ocrx_word' id='word_1_198' title='bbox 292 2461 467 2540; x_wconf 83' lang='lat' dir='ltr'>refugiebant:</span> <span class='ocrx_word' id='word_1_199' title='bbox 498 2460 628 2544; x_wconf 81' lang='lat' dir='ltr'>vagosque</span> <span class='ocrx_word' id='word_1_200' title='bbox 645 2464 673 2519; x_wconf 92' lang='lat' dir='ltr'>in</span> <span class='ocrx_word' id='word_1_201' title='bbox 692 2463 743 2521; x_wconf 77' lang='lat' dir='ltr'>riis</span> <span class='ocrx_word' id='word_1_202' title='bbox 758 2463 813 2521; x_wconf 80' lang='lat' dir='ltr'>suos</span> 
     </span>
     <span class='ocr_line' id='line_1_30' title="bbox 82 2540 814 2623; baseline 0.005 -24"><span class='ocrx_word' id='word_1_203' title='bbox 82 2562 133 2620; x_wconf 89' lang='lat' dir='ltr'>pro</span> <span class='ocrx_word' id='word_1_204' title='bbox 153 2541 266 2600; x_wconf 77' lang='lat' dir='ltr'>hostibus</span> <span class='ocrx_word' id='word_1_205' title='bbox 283 2541 405 2618; x_wconf 80' lang='lat' dir='ltr'>lapidibus</span> <span class='ocrx_word' id='word_1_206' title='bbox 423 2543 528 2623; x_wconf 89' lang='lat' dir='ltr'>telisque</span> <span class='ocrx_word' id='word_1_207' title='bbox 547 2540 711 2604; x_wconf 68' lang='lat' dir='ltr'>incedebant.</span> <span class='ocrx_word' id='word_1_208' title='bbox 756 2547 814 2603; x_wconf 81' lang='lat' dir='ltr'>Nee</span> 
     </span>
     <span class='ocr_line' id='line_1_31' title="bbox 83 2624 814 2704; baseline 0.001 -21"><span class='ocrx_word' id='word_1_209' title='bbox 83 2625 227 2702; x_wconf 81' lang='lat' dir='ltr'>comprimi</span> <span class='ocrx_word' id='word_1_210' title='bbox 238 2624 366 2684; x_wconf 81' lang='lat' dir='ltr'>tumultus</span> <span class='ocrx_word' id='word_1_211' title='bbox 376 2627 515 2704; x_wconf 86' lang='lat' dir='ltr'>aperirique</span> <span class='ocrx_word' id='word_1_212' title='bbox 530 2645 599 2684; x_wconf 90' lang='lat' dir='ltr'>error</span> <span class='ocrx_word' id='word_1_213' title='bbox 612 2638 726 2702; x_wconf 80' lang='lat' dir='ltr'>poterat,</span> <span class='ocrx_word' id='word_1_214' title='bbox 740 2625 814 2684; x_wconf 75' lang='lat' dir='ltr'>refe·</span> 
     </span>
     <span class='ocr_line' id='line_1_32' title="bbox 84 2705 814 2786; baseline -0.001 -21"><span class='ocrx_word' id='word_1_215' title='bbox 84 2707 118 2784; x_wconf 73' lang='lat' dir='ltr'>tie</span> <span class='ocrx_word' id='word_1_216' title='bbox 130 2705 259 2765; x_wconf 85' lang='lat' dir='ltr'>itineribus</span> <span class='ocrx_word' id='word_1_217' title='bbox 270 2707 406 2784; x_wconf 78' lang='lat' dir='ltr'>agrestium</span> <span class='ocrx_word' id='word_1_218' title='bbox 419 2707 492 2765; x_wconf 88' lang='lat' dir='ltr'>turba</span> <span class='ocrx_word' id='word_1_219' title='bbox 502 2725 689 2786; x_wconf 85' lang='lat' dir='ltr'>pecorumque,</span> <span class='ocrx_word' id='word_1_220' title='bbox 707 2727 766 2785; x_wconf 72' lang='lat' dir='ltr'>que</span> <span class='ocrx_word' id='word_1_221' title='bbox 775 2724 814 2764; x_wconf 87' lang='lat' dir='ltr'>re·</span> 
     </span>
     <span class='ocr_line' id='line_1_33' title="bbox 66 2786 814 2869; baseline 0.004 -23"><span class='ocrx_word' id='word_1_222' title='bbox 66 2786 205 2864; x_wconf 75' lang='lat' dir='ltr'>pendunt</span> <span class='ocrx_word' id='word_1_223' title='bbox 221 2804 301 2864; x_wconf 83' lang='lat' dir='ltr'>paror</span> <span class='ocrx_word' id='word_1_224' title='bbox 319 2788 347 2845; x_wconf 90' lang='lat' dir='ltr'>in</span> <span class='ocrx_word' id='word_1_225' title='bbox 362 2787 457 2847; x_wconf 89' lang='lat' dir='ltr'>urbem</span> <span class='ocrx_word' id='word_1_226' title='bbox 475 2787 647 2864; x_wconf 72' lang='lat' dir='ltr'>compulerat.</span> <span class='ocrx_word' id='word_1_227' title='bbox 695 2788 814 2869; x_wconf 75' lang='lat' dir='ltr'>nqeeue</span> 
     </span>
     <span class='ocr_line' id='line_1_34' title="bbox 78 2867 842 2998; baseline 0.003 -69"><span class='ocrx_word' id='word_1_228' title='bbox 78 2867 430 2950; x_wconf 72' lang='lat' dir='ltr'>preiumseeuoduuno&#39;r,</span> <span class='ocrx_word' id='word_1_229' title='bbox 455 2868 734 2951; x_wconf 71' lang='lat' dir='ltr'>nmmoetqeehoster</span> <span class='ocrx_word' id='word_1_230' title='bbox 748 2868 842 2998; x_wconf 59' lang='lat' dir='ltr'>supp,</span> 
     </span>
    </p>
   </div>
   <div class='ocr_carea' id='block_1_3' title="bbox 0 0 912 3316">
    <p class='ocr_par' dir='ltr' id='par_1_3' title="bbox 0 0 912 3316">
     <span class='ocr_line' id='line_1_35' title="bbox 0 0 912 3316; baseline 0 1"><span class='ocrx_word' id='word_1_231' title='bbox 0 0 912 3316; x_wconf 95' lang='lat' dir='ltr'> </span> 
     </span>
    </p>
   </div>
  </div>
 </body>
</html>
