1814 3316
246 156 457 224 tinnit
497 154 642 222 xxvu.
747 163 807 243 365

79 259 207 338 expedito,
228 261 264 318 ita
277 276 308 318 ut
326 262 424 318 famam
438 279 518 337 prope
534 261 692 338 praeveniret,
711 264 815 337 magnis

78 342 211 405 itineribus
225 341 255 399 ad
272 343 434 399 Herdoneam
448 343 599 401 contendit:
630 347 667 406 δι,
687 361 742 418 quo
757 341 814 418 plut

79 425 182 483 terroris
196 423 264 481 hosti
273 423 403 498 objiceret,
421 425 476 482 acie
488 425 610 483 instructa
624 424 733 482 accersit.
766 425 814 480 Par

79 505 185 563 audacia
202 508 347 569 Romanus,
374 505 479 563 consdio
495 508 523 564 dt
542 506 637 563 viribus
653 506 745 582 imper,
767 523 813 561 co·

80 587 129 662 piis
140 588 234 661 raptim
249 587 348 646 eductis
366 587 493 645 conflixit.
513 589 602 663 quinta
619 586 688 665 legio
707 591 734 646 δι
753 586 814 643 fini·

80 669 130 725 stra
144 667 182 725 ela
194 669 280 726 acriter
294 687 409 746 pugnarn
424 668 543 727 inierunt.
588 664 711 725 Ceterum
732 669 813 725 Aoni·

80 748 120 806 hat
133 749 209 827 figno
220 750 348 825 equitibus
359 751 428 812 dato,
446 765 484 813 ut,
503 768 587 826 quum
606 749 729 826 pedestres
747 750 813 807 acies

79 831 244 907 occuptffent
262 829 375 906 praesenti
395 832 534 889 certamine
552 829 641 888 oculor
653 829 814 906 animosque,

79 913 261 974 circumvedti,
280 931 335 986 pars
348 913 428 970 castra
443 912 567 975 hostium,
586 930 643 987 part
653 926 725 989 terga
736 913 814 988 trepi-

80 992 201 1051 dantium
217 993 383 1058 invadercnt;
410 991 461 1069 ipse
482 993 508 1049 in
524 992 604 1051 Fulvii
620 992 813 1050 similitudinem

80 1075 206 1136 nominis,
224 1072 293 1149 qudd
306 1077 358 1133 Cn.
370 1074 487 1132 Fulvium
502 1089 639 1152 praetotem
653 1074 756 1131 biennio
768 1094 814 1132 ao·

80 1171 107 1214 te
120 1157 148 1212 in
160 1156 248 1212 iisdem
262 1157 387 1213 devicerat
405 1148 477 1219 locis,
495 1159 637 1233 increpans,
661 1155 771 1214 similem
785 1173 813 1213 e·

80 1255 190 1295 ventum
218 1255 311 1314 pugnae
331 1237 386 1294 fore
406 1238 556 1296 affirmabat·
603 1241 696 1314 Neque
709 1257 738 1295 ea
757 1236 814 1314 spen

81 1337 148 1378 vana
163 1317 222 1383 fuit.
247 1338 309 1375 nam
329 1338 412 1395 quum
433 1319 554 1376 cominus
574 1321 627 1377 acie
650 1325 678 1377 &
693 1320 811 1394 peditum

79 1401 221 1459 certamine
240 1400 316 1459 multi
335 1401 479 1457 cecidissent
502 1405 696 1463 Romanorum,
721 1401 815 1457 starent

79 1495 170 1539 tamen
181 1481 283 1539 ordines
295 1481 418 1558 signaque
430 1503 439 1544 ς
469 1479 612 1555 equestrisd
626 1495 700 1558 tergo
714 1481 812 1539 tumui

80 1575 133 1628 tur,
149 1560 227 1621 simul
240 1560 255 1620 d
269 1563 353 1620 castris
364 1560 462 1620 chmor
475 1559 571 1619 hostilis
587 1561 696 1627 auditos,
714 1560 812 1620 sextam

79 1658 141 1703 aute
154 1642 295 1722 legionem,
322 1660 380 1719 quae
397 1644 425 1701 io
443 1642 551 1702 secunda
563 1647 616 1702 acie
633 1644 725 1720 posita,
743 1644 813 1721 prior

78 1725 114 1785 ab
127 1725 253 1785 Numidis
267 1723 369 1784 turbata
386 1726 447 1792 este
472 1726 591 1803 quintam
609 1726 708 1791 deinde,
737 1741 814 1803 atque

78 1823 126 1865 eoo
137 1806 183 1884 qui
196 1807 227 1864 ud
239 1807 324 1882 prima
335 1807 407 1885 figna
419 1818 499 1871 eram,
516 1808 615 1865 avertit.
654 1808 715 1864 Pars
727 1807 755 1863 io
769 1806 814 1865 fu·

82 1906 147 1967 gam
160 1886 242 1953 effufi,
269 1907 327 1966 pers
345 1890 373 1945 io
389 1889 478 1946 modio
489 1887 566 1947 caest:
593 1887 636 1946 ubi
655 1890 683 1946 δι
696 1885 747 1964 ipse
761 1889 814 1946 Cn.

79 1968 182 2029 Fulvius
208 1988 271 2028 cum
296 1971 418 2029 undecim
446 1969 554 2029 tribunis
575 1968 690 2029 militum
712 1969 814 2029 cecidit.

75 2054 266 2111 Romanorum
278 2049 460 2129 sociorumque
472 2065 537 2128 quot
551 2050 613 2108 caesa
626 2053 654 2107 in
667 2070 700 2108 eo
714 2048 809 2127 proelio

79 2131 160 2192 millia
173 2133 233 2198 fint,
252 2134 309 2210 quit
323 2152 372 2210 pro
388 2150 459 2192 cetto
472 2133 608 2191 affirmet?
635 2151 717 2209 quum
733 2129 815 2188 trede-

80 2215 136 2274 cim
155 2213 235 2272 miilia
247 2214 313 2278 alibi,
339 2213 396 2273 aiibi
409 2214 475 2272 baud
493 2213 549 2291 plus
565 2211 646 2289 quim
657 2211 755 2291 septem
773 2212 814 2268 io·

79 2296 194 2355 veniam.
233 2296 328 2353 Castris
345 2296 478 2374 praedaque
496 2296 580 2353 victor
603 2297 709 2372 potitor.
748 2297 814 2352 Her·

79 2377 201 2442 donentur,
229 2378 332 2453 quia&
352 2377 512 2436 defedturam
533 2376 608 2436 fuiffe
624 2378 655 2434 td
676 2380 814 2435 Romanoa

77 2459 215 2537 comperit,
237 2477 285 2516 nec
298 2457 445 2517 mansuram
464 2459 562 2525 infide,
587 2459 678 2516 srinde
690 2452 814 2516 abscessis-

78 2540 126 2606 set,
158 2539 321 2599 multitudine
340 2541 416 2598 omni
435 2543 621 2618 Metapontum
648 2560 678 2599 aa
701 2537 815 2599 Thurios

77 2622 203 2686 induem,
222 2621 354 2687 incenditr
374 2622 518 2699 occiditque
528 2622 664 2698 principes,
690 2621 736 2696 qui
752 2635 817 2676 cum

79 2701 170 2761 Fulvio
191 2702 317 2779 colloquia
335 2702 437 2762 occulta
461 2701 572 2761 habuttre
599 2702 726 2776 comperti
748 2697 817 2759 sunt.

80 2784 208 2850 Romani,
224 2786 271 2863 qui
281 2803 314 2845 ex
325 2799 396 2848 tauta
409 2783 479 2842 dade
497 2783 632 2849 evaserant,
650 2782 752 2842 diversis
769 2781 814 2836 iti·

402 2867 438 2940 Q
458 2883 472 2942 3
714 2857 816 2921 neribus
