1814 3316
106 180 173 230 ιω
344 158 388 226 u.
425 112 688 230 1.1v·1··1·''

105 514 206 574 umttio
226 516 286 591 justi
303 514 375 573 ducis
396 513 507 589 speciem
525 514 635 579 naam,
669 529 735 573 tum

33 588 40 603 '
106 598 220 655 'exercitu
236 597 336 658 coacte
358 612 421 653 cum
433 594 735 657 Hanauneconflixilin.

100 678 157 757 'gna
170 677 207 736 ibi
218 678 256 734 vis
264 676 414 741 hominum,
434 675 475 733 sed
486 675 626 734 incondita:
637 676 725 735 turbt

104 776 153 816 um
167 758 356 836 servorumque,
378 756 440 816 casa
449 771 493 816 aut
505 772 581 833 capta
594 758 648 814 est:
678 759 735 816 min

100 843 156 917 que
167 841 274 918 jailurae
287 839 345 905 fuit,
363 837 431 917 quud
448 839 585 919 praelestua
597 840 666 897 iuter
685 855 735 899 cett

101 935 201 999 captus,
222 927 251 982 &
264 936 323 981 tum
339 923 477 980 temerariae
491 937 586 999 pugnat
605 920 709 987 tutior,

100 1002 258 1079 publicanus,
283 1002 406 1061 omnibus
423 1001 497 1060 malis
514 1001 611 1060 mabam
630 1005 662 1062 δι
679 1003 735 1080 reip

99 1082 262 1143 societatibus
286 1083 397 1150 infidus,
422 1081 617 1160 damnososque.
663 1088 735 1164 Semp

95 1163 188 1224 consul
208 1166 236 1224 in
254 1167 364 1224 Lucania
380 1163 461 1224 mulo
478 1163 570 1242 proelia
587 1183 682 1243 parva.
704 1165 735 1227 lta

98 1242 156 1303 lum
168 1247 279 1329 dignum
289 1260 435 1306 memoratu
452 1246 526 1305 fecitt
553 1251 582 1306 &
594 1246 720 1326 ignobil'u

98 1328 267 1389 Lucanorum
278 1329 372 1408 aliquot
381 1329 546 1408 expugnavit.
585 1333 649 1405 Quo
668 1330 735 1388 diuti

96 1407 204 1471 bebatur
222 1412 326 1478 bellum,
351 1411 522 1471 &variabant
540 1409 658 1468 secundae
672 1411 735 1470 aive

95 1509 138 1549 ree
152 1512 206 1552 non
219 1494 353 1553 fortumm
368 1493 452 1572 magis
462 1489 541 1569 quim
553 1492 659 1550 animos
670 1491 735 1551 hom

96 1582 169 1632 tauta
178 1573 276 1653 religio.
298 1580 326 1634 &
344 1592 373 1632 ea
387 1592 483 1652 magna
501 1592 535 1631 ex
547 1588 619 1651 pute
631 1590 735 1635 externa

95 1663 177 1710 tatem
189 1654 296 1719 incessu,
315 1668 345 1712 ut
355 1667 401 1713 aut
410 1654 532 1713 homiues
541 1667 587 1712 aut
603 1658 648 1713 Dii
660 1660 735 1734 repei

95 1732 239 1793 viderentur
252 1730 329 1794 ‘tactu
356 1754 406 1793 nee
417 1736 474 1811 jam
494 1737 522 1792 in
544 1735 641 1797 secreto
655 1737 735 1797 modo

94 1812 161 1874 intra
181 1818 286 1892 parietes
308 1816 469 1875 abolebantur
493 1819 610 1875 Romani
631 1819 709 1885 tituta

92 1895 196 1971 publico
207 1899 285 1957 etiam
303 1917 334 1957 ae
344 1896 403 1955 foro
416 1897 595 1977 Capitolioque
610 1900 735 1959 mulienm

92 1976 124 2035 ita
138 1993 200 2044 erat,
225 1999 273 2039 nec
292 1978 485 2038 fictilicantium
505 1998 555 2038 nec
571 1982 735 2059 precantium

92 2061 176 2136 patrio
188 2081 270 2122 more.
308 2061 445 2131 sacrificuli
456 2080 487 2119 ac
509 2075 578 2120 vates
598 2066 735 2141 cepemntl

91 2160 159 2203 num
182 2160 294 2206 mentes:
329 2163 441 2222 quorum
469 2161 610 2201 numerum
637 2147 711 2205 auxit
729 2164 735 2203 1

89 2221 169 2298 plebe,
188 2244 220 2281 ex
240 2224 342 2283 incultis
357 2226 455 2283 diutino
475 2223 541 2281 bello
552 2223 735 2307 infestifipueap

86 2305 224 2380 gestate&
240 2320 311 2361 metu
331 2305 358 2359 in
373 2305 463 2363 urbem
484 2304 629 2382 compulfi5
658 2310 691 2367 δι
709 2326 735 2386 qt

84 2400 120 2439 ex
131 2381 213 2439 alieno
224 2401 307 2440 errore
319 2383 406 2447 facilis,
425 2405 505 2462 quem
517 2386 586 2445 velut
597 2406 631 2446 ex
643 2393 735 2449 couoei

85 2463 119 2520 iis
132 2460 179 2519 usu
192 2463 348 2529 exercebant.
387 2465 475 2524 Primo
487 2467 587 2526 secretae
601 2467 735 2529 bonarum

81 2542 221 2620 gnationet
233 2544 434 2610 exaudiebantur,
451 2548 542 2607 deinde
551 2549 587 2606 ad
600 2552 689 2609 Patres
700 2552 735 2611 eti

82 2625 116 2682 ad
137 2622 263 2699 publicam
282 2628 471 2704 querimoniam
489 2629 593 2687 excellit
612 2649 664 2692 aes.
704 2635 735 2691 Io

81 2705 194 2783 'graviter
216 2707 248 2765 ab
275 2708 361 2767 senatu
380 2708 462 2766 aediles
483 2711 664 2789 triumvirique
683 2732 735 2792 oap

80 2781 150 2865 quud
164 2804 216 2843 nou
227 2789 399 2867 prohibeoent,
418 2807 502 2865 quum
513 2809 650 2849 remotae
663 2812 723 2851 eam

78 2868 217 2975 piaudmem
238 2865 254 2934 ὲ
273 2871 333 2959 lopo
347 2890 380 2956 ‚²8
396 2869 512 2957 disjioere
525 2889 659 2958 apparatu
676 2874 735 2937 sam
