1814 3316
82 138 145 203 414
320 110 589 184 T.L1V11

124 228 230 284 xxxi.
256 229 392 300 occupato
410 242 471 303 rege
489 238 608 301 apparatu
628 222 761 288 ludorum,
787 226 816 282 dt

82 326 128 383 per
146 308 199 364 dica
219 307 297 363 fellos
314 304 429 364 licentius
444 303 524 383 quim
546 308 611 364 irater
627 303 685 363 belli
699 322 825 381 tempora

82 388 229 445 remittente
248 389 376 450 animum,
411 391 441 444 P.
460 387 593 465 Sulpicius,
625 386 659 445 ab
678 388 815 465 Naupacto

81 469 224 543 profectus,
251 467 353 525 abisam
372 469 470 547 appulit
482 470 545 526 iuter
562 470 703 546 sicyonem
716 475 745 529 bt
763 471 815 528 Co·

80 548 208 614 rintbum,
236 568 381 627 agrumque
396 549 556 607 nobilillrrrrae
581 548 718 608 fertilitatis
735 546 817 608 effuse

83 632 198 690 vallavit.
237 634 318 689 Fama
329 632 386 706 ejus
403 634 438 689 rei
455 631 603 708 Philippum
617 630 649 688 ab
665 630 731 690 ludis
748 633 817 690 exci-

82 713 136 770 vit:
174 715 321 791 raptimque
344 730 406 770 cum
428 714 543 791 equitatu
573 708 715 789 proiedbur,
746 714 817 788 italie

81 793 196 871 subsequi
213 793 348 872 peditibus,
366 793 462 870 palatos
480 794 571 871 pulsam
587 812 631 871 per
650 814 737 872 agros,
763 814 818 873 gra·

80 874 174 952 vesque
189 878 271 950 praeda
291 877 332 947 (ut
343 877 388 954 qui
399 875 462 935 nihil
473 875 523 934 tale
537 880 692 950 metuerent)
718 876 819 935 adortut

82 960 228 1022 Romanor,
254 951 383 1033 compulit
400 959 426 1014 iu
447 976 532 1016 naves.
580 956 671 1015 Claffis
697 961 829 1016 Romana·

82 1037 348 1115 haudquaquamxlaeta
359 1040 444 1114 praede
459 1039 625 1115 Naupadium
640 1040 722 1097 rediit.
760 1038 829 1097 ehi-r

80 1117 164 1197 lippus
178 1136 283 1197 quoquc
296 1118 426 1185 ludorum,
445 1121 491 1201 qui
508 1120 597 1197 reliqui
612 1135 691 1185 eraut,
717 1118 816 1178 celebri·

83 1216 175 1266 tatem,
203 1214 430 1279 quantumque,
457 1203 489 1260 de
506 1204 637 1261 Romania
656 1218 757 1267 tamem
777 1201 816 1259 ri·
839 1258 842 1263 .

82 1285 172 1343 dtoriae
190 1300 266 1360 partae
285 1283 356 1342 fama
367 1298 492 1343 auxerat:
509 1282 645 1361 {atriaque
664 1285 765 1364 ingenti
778 1302 820 1343 ce·
849 1323 852 1332 ·

81 1364 168 1424 lebrati
179 1366 236 1425 festi
251 1365 311 1424 dica.
330 1384 365 1423 co
377 1368 461 1445 magia
474 1367 562 1430 etiam,
580 1363 651 1443 qubd
665 1366 819 1443 populariter

81 1447 191 1525 dempto
210 1448 301 1523 capitia
320 1448 423 1526 infigari,
450 1466 562 1524 purpura
581 1463 658 1525 atque
676 1448 728 1506 alio
748 1464 830 1585 tezo

84 1526 181 1592 babitu,
203 1542 348 1604 aequaverat
359 1530 450 1593 ceteris
459 1528 486 1586 se'
495 1531 522 1585 iu
537 1527 669 1605 l'peciemt
688 1530 784 1608 quoni
802 1527 819 1586 il

82 1610 177 1687 gratius
195 1608 231 1664 est
248 1608 392 1666 ducatibus
409 1609 500 1667 liberis.
537 1609 733 1689 Praebuiffetque
751 1610 817 1667 haud

4 1740 7 1747 ,
82 1689 186 1749 dubiam
202 1706 235 1745 co
256 1686 327 1746 fado
349 1689 421 1765 spem
434 1688 562 1754 libertatis,
581 1694 628 1757 uisi
646 1695 737 1751 omnia
751 1692 817 1750 imo·

83 1773 181 1830 leranda
199 1770 300 1829 libidine
322 1772 393 1830 forda
405 1792 435 1831 ac
449 1772 575 1832 deformia
589 1772 720 1833 effectuae.
743 1792 818 1853 uaga·

81 1855 156 1913 batur
170 1856 242 1911 enim
261 1872 325 1913 cum
345 1864 401 1913 uno
418 1866 464 1913 aut
475 1855 555 1913 altero
569 1857 669 1913 comite
682 1875 727 1934 pet
742 1855 819 1914 mari·

84 1941 161 1996 rimas
183 1936 278 1994 domos
297 1938 351 1994 diet
368 1935 528 2015 audiesque:
556 1942 584 1997 dt
602 1936 818 1998 mbmirterdote

82 2020 111 2076 in
123 2022 254 2097 privatum
267 2018 411 2096 fastigium,
430 2037 485 2096 quo
500 2020 588 2077 nunus
607 2019 769 2098 conspestus,
786 2038 819 2077 eo

82 2099 189 2159 solutior
210 2114 282 2159 erat:
310 2104 338 2160 bt
352 2099 493 2159 libertatem
512 2120 596 2179 quum
612 2101 664 2160 aliis
680 2122 775 2161 ranam
788 2120 817 2158 o·

83 2184 217 2247 stendili'et,
236 2196 323 2241 totam
338 2184 365 2240 in
377 2182 448 2241 suam
463 2183 592 2242 licentiam
605 2196 721 2244 verrem.
761 2186 817 2246 Ne·

82 2282 133 2339 que
152 2267 224 2323 enim
252 2266 343 2321 omnia
364 2264 467 2324 emebat
484 2280 527 2325 aut
552 2265 746 2332 eblandicbarur,
776 2264 817 2322 std

83 2347 139 2401 vim
159 2348 239 2403 etiam
261 2347 364 2423 flagitiis
381 2346 530 2406 adhibebat:
553 2347 773 2427 periculosumque
787 2350 814 2404 dt

83 2428 142 2482 viris
156 2432 183 2485 δι
197 2427 340 2500 parentibus
352 2441 412 2490 erat,
440 2449 544 2487 moram
565 2431 735 2489 incommoda
749 2428 817 2486 seve·

81 2510 154 2567 ritate
175 2505 271 2564 libidini
291 2510 367 2588 regiae
385 2508 478 2568 fecisse.
504 2515 550 2569 uni
561 2515 639 2570 ctiam
658 2512 768 2589 principi
784 2514 818 2567 Α·

82 2589 214 2647 charorum
236 2591 313 2647 Arato
334 2592 454 2668 adempta
473 2612 538 2650 uxor
549 2596 657 2650 nomine
671 2592 819 2669 Polycratia,

83 2688 114 2728 ac
127 2671 169 2747 spe
182 2670 309 2748 regiarum
324 2674 472 2747 nuptiarum
488 2675 514 2730 in
533 2675 713 2732 Macedoniam
732 2673 816 2751 aspor-

80 2765 133 2810 tata
152 2755 241 2809 fuerat.
281 2754 328 2807 Per
347 2753 403 2815 baec
418 2754 516 2832 flagitia
535 2755 630 2814 solenni
644 2758 812 2813 Nemeorum

74 2836 192 2909 peracto,
210 2830 346 2914 paucisque
359 2835 555 2900 additisdiebus,
583 2843 683 2914 Dymas
704 2840 744 2895 est
756 2856 818 2912 pro-

731 2918 817 2977 festus

225 3096 297 3206 Ι
