1814 3316
98 135 161 214 416
312 122 645 199 T.L1V1l

93 235 214 312 pulsuum
235 231 267 292 ab
285 235 346 292 urbe
367 235 486 294 Eleorum
509 237 602 312 posuit.
620 237 723 312 postero
739 236 770 292 ad
795 243 825 292 ct

96 315 196 373 Iicllum
217 318 349 395 (Pyrgum
370 321 476 391 vocant)
506 320 592 396 coplas
611 330 706 376 ornnes
722 317 829 375 eduxit:

96 396 150 472 qub
164 397 300 476 agrestium
316 397 508 457 multitudinem
526 419 589 457 cum
603 399 748 476 pecoribus,
773 414 827 456 me·

95 492 125 536 tu
135 476 342 555 populationum,
361 479 520 558 compulsam
534 482 650 540 audierat.
667 499 727 539 erm
740 481 837 538 incon-z

95 560 175 617 ditam
202 562 381 638 inermemque
409 555 601 620 multitudinem
631 564 720 638 prImo
742 562 828 619 statim

94 654 189 698 terrore
200 642 335 701 adueniens
349 642 434 720 cepit:
456 644 714 721 compensaveratque
728 661 758 701 eu
768 658 829 718 prae·

95 724 126 780 da
138 725 209 800 quod
221 725 372 802 Ignominiae
389 723 421 781 ad
435 725 502 782 Elim
518 741 654 801 acceptum
671 723 764 781 fluerat.
782 723 828 781 Di·

95 805 191 864 videnti
215 806 327 884 predam
342 804 505 883 captIvosque
523 804 640 876 (fueram
659 819 748 864 autem
767 805 828 881 quo·

93 898 155 946 tuor
174 886 253 946 millia
269 886 420 959 homiuum,
446 888 546 964 pecoris
564 886 653 945 omnis
678 885 779 965 generis
799 884 838 943 aul·

95 969 176 1026 millia
189 969 300 1048 vigimi)
316 969 426 1027 nuncius
437 986 470 1026 ex
484 969 633 1027 Macedonia
651 969 743 1026 venit:
763 971 828 1027 Ero·
846 1007 849 1010 «

92 1067 160 1124 pum
178 1051 315 1128 quendam,
344 1063 468 1125 corrupto
484 1050 549 1108 ercis
568 1049 725 1127 praelidiique
738 1046 829 1125 pracfe-

93 1133 146 1195 eto,
168 1130 332 1206 Lychnidum
344 1131 436 1207 cepiffe
449 1152 456 1188 ε
484 1144 570 1189 tenue
581 1135 609 1191 &
623 1131 824 1193 Dasumiano

93 1211 217 1288 quosdam
229 1212 309 1278 vicos,
336 1215 365 1272 δι
385 1211 516 1270 Dardanos
533 1214 612 1272 etiam
634 1213 748 1272 concire.
784 1213 824 1268 0-

93 1295 171 1352 milio
190 1296 267 1374 igitur
286 1293 401 1354 Achaico
420 1307 498 1372 atque
510 1293 623 1353 AEtolico
637 1292 713 1358 bello,
732 1289 826 1351 “lieth

92 1392 181 1434 tameo
192 1376 293 1436 duobus
310 1372 421 1434 mlllibur
436 1379 464 1434 δι
483 1376 630 1454 quingentis
646 1374 735 1432 omnia
746 1391 825 1454 geue·

91 1459 126 1514 ris
139 1474 310 1524 armatorum,
334 1474 396 1516 cum
413 1457 538 1535 Menippo
554 1454 759 1532 &Polyphanta
778 1456 826 1515 du-

91 1539 165 1597 cibus
176 1541 207 1597 ad
220 1541 362 1616 praesidium
376 1536 515 1602 sociorum,
533 1537 666 1614 profectur
678 1536 711 1595 ab
727 1538 825 1615 Dymis

90 1638 135 1696 per
153 1620 276 1694 Achajarn
293 1620 473 1694 Etruriamque
486 1623 513 1676 δι
527 1617 688 1682 Bnebeidem,
717 1618 825 1677 decimis

90 1700 174 1758 castris
189 1699 378 1760 Demetriadem
391 1699 418 1756 in
431 1697 585 1758 Thellhlitm
597 1700 723 1776 pervenit.

131 1786 261 1844 XXXIII.
289 1780 329 1842 Ibi
348 1781 398 1847 alii,
422 1785 551 1858 majorem
573 1780 706 1840 afferentes
725 1779 826 1840 tumul·

88 1868 255 1932 tum,nuncii
268 1878 407 1924 occurrunt
422 1885 429 1922 :
444 1863 584 1929 Dardanos,
596 1865 623 1921 in
640 1864 821 1922 Macedoniam

88 1948 191 2014 effusor,
218 1948 361 2010 Orestidem
379 1946 436 2022 jum
457 1960 550 2012 tenne,
574 1966 604 2005 ac
618 1944 770 2004 descendisse
794 1945 825 2002 irc

87 2034 244 2110 AEgcstaeum
266 2048 413 2107 campum:
446 2027 595 2106 famamque
617 2028 682 2086 inter
705 2025 826 2084 hobam

87 2113 211 2171 celebrem
230 2116 287 2176 elie,
314 2111 460 2189 Philippum
482 2109 607 2168 occisum.
654 2108 824 2184 Expeditione

86 2212 123 2257 ea,
143 2215 193 2270 qua
208 2216 270 2253 cum
291 2191 480 2270 populatoribus
498 2193 551 2271 agri
571 2194 601 2249 ad
615 2191 753 2265 Sicyonem
774 2209 822 2264 pu·

85 2276 182 2352 gonrit,
209 2279 236 2333 in
257 2275 374 2335 arborem
396 2273 473 2331 illatus
492 2274 591 2348 impetu
609 2275 677 2349 equi,
702 2272 731 2327 ad
754 2270 821 2327 cmi·.

82 2371 189 2433 neptem
203 2375 307 2416 ramum
322 2375 403 2412 cornu
416 2355 522 2413 alterum
537 2355 613 2433 galeae
632 2352 769 2431 praefregit.
793 2350 819 2407 id

82 2437 218 2495 inventum
236 2437 267 2494 ab
278 2436 365 2493 AEtolo
377 2437 501 2513 quodam,
513 2434 689 2513 perlatumque
705 2435 731 2490 in
746 2436 820 2492 AEto·

17 2556 20 2567 .
80 2516 142 2573 liam
159 2519 189 2574 ad
204 2514 389 2582 tenetlaedum,
410 2518 451 2574 cui
473 2533 567 2575 notum
589 2533 641 2575 erat
657 2517 757 2593 insigne
775 2536 820 2596 ga-

80 2594 133 2658 leae,
162 2599 262 2661 famam
285 2599 413 2657 interfehti
432 2601 498 2674 regis
518 2600 639 2675 vulgavit.
682 2600 743 2654 Post
759 2617 820 2673 pro·

79 2676 224 2737 fehtionem
250 2699 281 2737 cx
304 2680 401 2755 Achaja
429 2681 504 2756 regis,
531 2680 664 2756 Sulpicius,
675 2742 679 2759 Ι
691 2679 819 2756 AEginam

78 2757 152 2817 classe
163 2761 303 2836 profestos,
322 2779 384 2818 cum
403 2759 489 2818 Attalo
502 2759 551 2816 sese
562 2761 709 2834 conjunxit.
729 2760 823 2818 Achaei‘

78 2857 143 2900 cum
162 2836 251 2903 AEtolit
263 2838 377 2925 Eleisque
397 2842 463 2904 haud
482 2840 572 2916 procul
586 2843 700 2901 Mcffenc
713 2841 818 2918 prospe-

758 2941 816 2983 ram
