1814 3316
61 156 122 226 108
281 162 552 234 T.L1Vll

57 285 107 327 nec
117 269 169 348 ipse
177 272 338 349 eruptionem
351 272 499 333 cohortium
509 272 635 334 sustinuit.
654 268 786 349 pantenu

59 352 175 416 Annibal,
201 355 286 411 eastris
303 370 361 413 ante
381 353 433 431 ipst
450 359 552 415 moenia
567 356 703 433 oppositis,
729 372 785 433 pur·

58 448 120 490 ram
142 433 231 492 urbem
247 453 409 512 parvumque
425 438 568 511 praefidium
585 437 691 494 summa
710 438 738 491 vi
748 450 784 493 et·

57 530 110 589 que
128 515 251 573 omnibus
268 518 349 594 copiis
360 536 509 595 oppugnare
524 534 605 596 parat.
620 537 652 576 ac
665 520 731 577 dum
748 517 786 573 iu·

57 595 107 653 stat
120 595 273 674 laceflirque,
289 617 387 656 corona
402 601 516 676 undique
536 600 702 659 circumdatis
719 616 785 655 mce-

58 675 142 743 nibue‚
159 680 255 756 aliquot
269 680 362 737 milites
377 684 404 739 de
419 680 644 757 promptillmrunt
658 696 787 758 quemque

59 754 77 815 ὲ
98 779 176 819 muro
188 760 344 839 turribusque
363 763 428 818 idios
444 763 536 820 amisit.
576 761 663 820 Semel
680 762 749 820 ultro
762 780 788 817 e·

59 858 209 921 rumpentes
228 846 334 922 agmine
353 842 546 920 elephantorum
571 844 694 921 opposito
711 860 789 923 prope

59 923 206 990 interclusit,
231 924 391 1002 trepidosque
409 925 537 1001 compulit
551 925 580 981 in
595 924 688 983 urbem
704 948 715 984 ι.
734 922 793 983 fitis

60 1007 159 1070 multis,
186 1022 217 1064 ut
236 1026 269 1065 ex
286 1021 357 1064 tanta
373 1008 506 1082 paucitate,
532 1005 682 1066 interfectis.
709 1006 793 1083 pluru-

61 1088 214 1151 cecidillent,
237 1089 265 1144 ni
283 1106 335 1145 nox
352 1087 445 1164 proelio
462 1087 641 1147 interveniller.
687 1088 794 1147 Postero

60 1170 102 1227 die
114 1170 236 1227 omnium
253 1170 335 1227 animi
346 1169 376 1226 ad
385 1168 592 1247 oppugnandum
603 1170 795 1230 accendunture.

60 1253 150 1330 utique
162 1252 328 1329 posteaquam
338 1268 434 1309 corona
452 1270 525 1309 aurea
543 1250 650 1310 muralia
664 1252 793 1331 propmita

62 1336 109 1399 est,
121 1351 197 1413 atque
208 1333 260 1411 ipse
272 1334 325 1392 dux
336 1332 425 1392 castelli
436 1332 513 1409 plano
525 1330 585 1393 loco
596 1334 676 1410 pofiti
683 1332 790 1413 segnem

61 1418 282 1496 oppugnationem
301 1416 408 1494 Sagunti
427 1414 643 1493 expugnatoribus
656 1413 790 1493 expuitu-

41 1517 46 1529 ·
64 1498 125 1558 bat:
146 1503 294 1556 Cannarum
314 1498 507 1574 Trafimenique
521 1500 549 1556 δε
563 1496 664 1555 Trebia
678 1494 795 1576 fingulon

62 1582 213 1643 admonens,
233 1577 418 1655 universosque.
454 1578 517 1635 Inde
528 1579 608 1635 vineae
620 1596 726 1655 quoque
736 1596 790 1637 cce·

62 1663 181 1739 protegi,
201 1657 373 1735 cuniculique:
402 1678 452 1716 nec
470 1660 503 1716 ad
520 1660 603 1716 varios
620 1674 731 1718 conatur
745 1658 789 1719 ho·

61 1743 141 1798 stium
158 1755 202 1798 aut
221 1742 260 1797 ris
279 1739 335 1801 ulla,
356 1753 399 1797 aut
416 1760 454 1798 ars
474 1741 566 1799 deerat.
607 1742 678 1799 Socii
691 1746 794 1799 Roma·

62 1841 159 1880 norum
165 1821 356 1900 propugnacula
364 1822 479 1880 adversus
491 1823 576 1880 vinna
586 1823 704 1889 stuuere,
714 1818 792 1881 nauli

63 1906 140 1962 versis
153 1903 276 1964 cuniculis
290 1902 404 1961 hostium
420 1901 551 1962 cuniculos
564 1905 688 1981 excipere,
707 1908 738 1965 δι
749 1920 790 1982 ptr

62 1986 116 2045 lam
137 1992 166 2048 ὃ(
184 1986 251 2045 clam
271 1988 366 2063 coeptis
384 1984 488 2044 obviam
507 1985 550 2049 ire,
567 1987 652 2043 donec
671 1984 753 2063 pudet
766 2002 791 2043 e·

64 2072 129 2131 tiam
143 2068 295 2129 Annibalem
307 2068 340 2125 ab
350 2070 454 2145 incepto
463 2067 562 2131 averrit,
574 2066 708 2144 castrisque
720 2083 794 2125 com·

66 2154 175 2212 munitis
194 2172 223 2211 ac
243 2151 358 2229 praesidio
374 2151 483 2207 modico
502 2149 634 2225 imposito,
650 2168 686 2206 ne
704 2146 795 2207 omitte

64 2254 104 2292 res
125 2236 257 2298 videretur,
278 2235 305 2288 in
325 2231 426 2287 hiberna
447 2233 572 2309 Capuam¹
586 2230 719 2289 concellit.
756 2226 798 2287 lbi

66 2330 165 2393 partem
181 2315 310 2387 majorem
331 2310 425 2369 hiemis
447 2311 589 2369 exercitum
607 2312 635 2367 in
655 2312 733 2370 tediis
749 2308 792 2367 lta·

67 2398 131 2461 buit,
155 2394 271 2452 adversm
289 2393 379 2449 omnia
399 2390 513 2451 humana
531 2391 599 2449 mala
618 2390 684 2470 sape
702 2390 794 2453 nediu

65 2480 210 2540 durantem,
226 2475 300 2532 bonis
318 2474 479 2550 inexpertum
496 2487 573 2550 atque
592 2472 732 2533 inflictum.
750 2474 795 2531 itu

64 2580 116 2639 que
135 2578 202 2638 quos
220 2556 287 2615 nulla
302 2554 363 2613 mali
385 2557 477 2614 vicerat
497 2556 545 2619 vis,
569 2555 700 2632 perdidere
716 2554 798 2625 nimia

65 2643 134 2701 bona
152 2661 182 2699 ac
203 2639 343 2718 voluptates
358 2638 508 2695 immodicae
524 2659 530 2695 :
547 2640 575 2694 dc
595 2655 631 2692 eo
648 2632 797 2715 impenfida.

65 2745 120 2803 quo
133 2720 228 2783 avidius
240 2742 272 2780 ex
287 2718 416 2780 insolentia
426 2720 455 2775 in
466 2716 541 2777 casse
554 2716 702 2779 merserant.
718 2724 797 2778 Sum.-

66 2827 113 2867 nur
131 2807 212 2870 enirn,
231 2810 259 2864 δι
275 2806 376 2865 vinum,
395 2804 423 2860 δι
441 2800 529 2877 epulae,
556 2805 585 2859 δι
599 2797 694 2866 scurra,
712 2798 797 2859 belno

66 2909 140 2969 aque,
158 2893 186 2952 δι
204 2887 290 2949 otium
311 2880 492 2967 cousuetudine
511 2880 591 2943 indier
612 2880 736 2963 blandior,
761 2883 797 2939 ita

723 2981 796 3023 ener-

6 3136 112 3229 N,
