1814 3316
91 157 153 237 176
296 153 562 219 T.LlVIl

87 262 217 317 rebantur.
241 259 358 335 princeps
382 276 474 315 eorum
496 263 528 317 L.
545 253 664 315 Caeeiliue
691 252 812 321 Metella,

82 342 322 497 ldsllssl‘j’ldll
336 337 597 479 {tzilssultlss
603 337 809 495 diff&

82 505 185 581 purgari
196 520 256 577 ncqt
263 500 345 564 issent,
356 502 564 577 pronuncidrunt,
572 500 808 558 inunctionem·

82 602 133 660 que
146 602 191 641 eos
208 580 325 639 adversus
337 581 522 657 rempublicam
537 580 660 645 hobolffi,
677 578 734 657 qud
750 598 808 639 cm-

82 664 177 741 jurutio
195 662 333 721 deserendae
352 663 429 721 ltaliae
445 662 527 720 cuuffu
545 663 624 720 fieret.
665 658 807 721 Secutullrm

81 764 129 802 eos
141 746 210 803 citati
221 746 300 801 nimis
312 742 393 802 callidi
403 742 546 803 exsolvendi
556 743 728 819 jurisjurandi
738 744 809 801 iuter·

83 842 184 901 preter:
214 828 268 902 qui,
289 826 450 903 captivorum
469 844 501 881 ex
520 825 609 881 itinere
623 823 729 901 regreffi
746 822 807 881 cun

83 909 112 963 in
125 909 204 966 castre
219 904 354 970 Annibalis,
374 906 485 964 solumm
503 906 574 981 quod
590 906 741 981 jtuevemut
751 904 810 961 redi·

84 1004 157 1045 turos
171 987 299 1047 rebantur.
338 988 385 1045 i-lis
398 984 613 1063 superioribusque
631 982 680 1041 illie
698 986 760 1063 equi
770 984 811 1043 ul·

84 1069 176 1145 empti,
195 1069 241 1145 qui
261 1066 393 1144 publicum
413 1086 513 1143 equum
534 1066 675 1125 habebunt:
697 1066 810 1143 tribuque

84 1151 162 1213 moti,
189 1150 267 1206 aetarii
282 1166 375 1206 omncs
390 1147 461 1206 fieti.
509 1150 603 1225 Neque
623 1146 713 1207 semtu
732 1144 808 1207 modd

82 1242 130 1288 out
145 1230 254 1306 equestri
265 1231 355 1287 ordine
371 1230 485 1308 regendo
502 1246 564 1287 cure
581 1229 607 1289 se
626 1226 764 1287 censorum
775 1240 811 1287 te·

83 1313 148 1370 nuit.
169 1313 277 1371 nomina
289 1313 410 1369 omnium
424 1329 455 1368 er
470 1310 605 1386 juniorum
620 1308 713 1369 tubulis
730 1326 811 1369 exte·

83 1393 197 1469 pstrunu
220 1395 266 1470 qui
279 1393 444 1486 quadrienniq
460 1410 515 1449 non
531 1391 700 1457 militdffeott
724 1390 812 1469 quibos

84 1470 815 1630 istit.”3³2¹tirll;¹itiilzililu“ll

83 1636 135 1691 rior
153 1632 236 1695 relato,
258 1632 375 1710 tribuque
385 1652 477 1691 omnes
489 1636 572 1693 moti:
591 1636 761 1713 additumque
772 1634 811 1691 iu·

84 1714 132 1772 erti
153 1712 271 1771 censoriae
289 1727 357 1773 notae
373 1715 442 1772 trille
462 1714 717 1782 stmtusconsulturu,
748 1714 812 1775 utii

84 1814 186 1858 ornnes,
205 1814 272 1871 quos
283 1794 396 1854 censores
408 1797 544 1862 nutrissent,
563 1797 669 1874 pedibus
680 1810 811 1861 merem,

84 1879 296 1952 mitterenturque
313 1880 339 1934 in
358 1877 469 1936 Siciliam
488 1879 519 1935 ad
538 1880 680 1937 Cannensis
691 1879 812 1939 exercitu·

84 1958 210 2035 reliquias:
227 1959 269 2016 cui
281 1959 394 2017 militum
409 1961 496 2037 generi
507 1979 561 2017 non
574 1958 652 2036 priris,
664 1956 747 2038 qudm
756 1956 811 2037 pul-

83 2040 125 2099 sus
142 2039 212 2098 ltalia
230 2039 310 2097 hostis
326 2041 395 2107 esset,
420 2041 523 2100 finitum
543 2042 729 2117 stipendiorum
748 2054 813 2099 tem·

83 2141 131 2198 pus
151 2140 213 2182 erat.
254 2127 344 2199 Quum
363 2120 477 2181 censores
497 2122 532 2179 ob
551 2124 667 2200 inopiam
687 2124 767 2181 aare
788 2119 814 2179 se

82 2206 139 2278 jam
151 2202 317 2262 locationibus
331 2203 482 2262 abstinerent
493 2205 587 2261 aedium
600 2202 732 2261 sumerum
741 2216 814 2261 tuen·

82 2285 184 2346 darum,
211 2282 388 2359 curuliumque
404 2302 530 2359 equorum
551 2284 758 2360 praebendorum,
783 2302 813 2343 ec

82 2362 205 2420 similium
222 2362 262 2419 his
279 2380 380 2419 tuum:
401 2381 544 2421 convenere
555 2366 587 2423 ud
601 2386 646 2424 eor
660 2365 814 2443 frequente,

81 2446 128 2519 qui
151 2440 226 2499 ballae
248 2442 325 2516 hujus
347 2445 445 2522 generis
464 2447 642 2516 assueverantr
668 2446 813 2525 hortatique

82 2520 207 2587 censores,
227 2538 256 2581 ut
269 2524 360 2582 omnia
374 2528 477 2599 perinde
488 2544 592 2607 agerent
606 2527 731 2594 locarent,
749 2546 780 2587 ec
794 2526 815 2587 fi

81 2604 189 2682 pecunia
204 2603 232 2660 in
248 2607 336 2662 aemrio
351 2607 419 2666 esset.
440 2611 583 2684 neminem,
603 2612 651 2668 nisi
668 2610 736 2668 bello
750 2626 814 2667 eon·

81 2684 161 2747 feteo,
179 2687 315 2760 pecuniam
334 2686 366 2744 ab
379 2689 465 2745 aerurio
478 2693 621 2763 petiturum
637 2692 698 2749 effe.
737 2692 811 2747 Con-

80 2781 170 2824 venere
181 2766 270 2824 deinde
283 2769 382 2825 domini
394 2788 496 2832 omum,
508 2788 575 2846 quos
586 2774 630 2831 Ti.
642 2772 814 2849 Semproniae

78 2848 110 2905 ad
126 2850 299 2907 beneventum
310 2866 391 2907 mauu
402 2852 535 2909 emiserat:
552 2852 731 2930 aroqssitosque
742 2851 769 2910 sc
779 2850 814 2908 eb

713 2948 809 2998 urum·

833 39 850 142 l
