1814 3316
289 145 502 243 121sseq
543 145 654 214 XXII.
779 170 821 233 29

84 248 112 307 ia
129 249 253 328 palsuutn
274 249 410 310 distantem
429 251 462 308 ab
474 250 542 309 ollio
557 249 625 308 Iberi
638 248 743 314 amnis,
764 270 821 326 per·

81 333 159 391 venit.
171 331 232 389 inde
242 330 303 388 duae
310 332 498 389 Malsrlicnfium
506 330 675 408 speculatoriae
687 330 823 406 praemissae

80 413 229 477 redeunt,
249 410 354 470 claffem
371 415 495 471 Punicam
516 415 579 472 slare
598 415 626 469 in
648 414 714 470 ostio
730 413 822 470 flumi-

31 515 34 519 ·
80 496 130 561 nis,
148 496 284 570 castraque
296 494 325 550 in
339 494 394 571 ripa
409 495 499 570 polita.
538 498 630 571 ltaque
647 509 677 551 ut
695 495 822 571 improvi-

82 576 129 634 dos
142 573 314 651 incautosque
327 576 446 633 universo
465 575 542 634 fimul
557 576 639 632 effiaso
660 591 755 633 terrore
772 594 823 651 op-

81 659 215 735 primeret,
233 654 336 714 suberis
346 658 446 714 ancoris
458 655 598 714 adhostem
609 657 687 715 vadit.
725 656 824 714 Multas

81 743 110 798 dt
122 739 187 797 locis
198 736 256 796 altis
270 737 366 814 pofitas
382 749 464 795 turrea
482 736 603 814 Hispania
618 736 703 803 babet,
725 736 820 815 quibus

82 822 111 878 bt
122 817 230 898 spequlis
243 822 272 877 δι
287 816 486 896 propugnaculis
493 817 609 877 adversus
620 817 728 876 latrones
742 834 821 878 utun·

84 913 138 959 tur.
176 901 241 958 Inde
252 896 340 976 primd
358 897 501 975 conspcdtis
514 898 629 958 hostium
643 901 758 963 navibus,
776 902 821 960 da·

83 992 144 1039 tum
163 970 270 1060 tignum
289 978 421 1038 Asdrubal
437 982 487 1038 est:
516 980 691 1058 tumultusque
708 979 776 1056 priris
790 983 820 1041 in

83 1074 149 1121 terra
169 1066 199 1121 bt
216 1061 313 1126 callris,
340 1058 420 1137 quim
441 1063 472 1119 ad
488 1080 559 1120 mare
575 1066 604 1121 &
625 1065 655 1120 ad
671 1082 756 1129 naves,
781 1066 820 1122 est

82 1154 166 1208 ortum
186 1143 309 1201 nondum
320 1157 364 1200 aut
374 1141 447 1219 pulsu
459 1162 605 1209 remorum,
621 1146 776 1222 strepituque
792 1163 822 1201 a·

79 1223 118 1282 lio
130 1226 239 1284 nautico
252 1224 381 1288 exaudito,
402 1237 447 1282 aut
461 1225 627 1302 aperientibus
641 1225 742 1284 classem
756 1245 823 1303 pro‹

82 1307 235 1365 montoriia:
255 1324 340 1382 quum
356 1321 459 1382 repente
475 1325 552 1382 eques
571 1305 633 1365 aliur
646 1307 720 1383 supet
738 1308 819 1366 alium

83 1386 117 1443 ab
130 1385 265 1445 Asdrubale
274 1387 376 1450 utilius,
393 1405 474 1465 vagos
486 1387 513 1444 in
526 1387 619 1451 littore,
635 1387 784 1464 quietosque
791 1390 819 1446 in

81 1467 202 1526 tentoriis
211 1466 270 1532 suis,
291 1467 356 1525 nihil
367 1468 456 1525 minue
469 1465 549 1545 quim
563 1465 663 1525 hollam
677 1485 722 1526 aut
740 1487 816 1544 proc-

80 1547 145 1606 lium
159 1568 193 1606 co
204 1549 246 1607 die
257 1548 439 1624 aspectantes,
460 1549 629 1608 conscendere
639 1568 714 1607 naves
725 1568 817 1627 prope-

79 1648 106 1688 re
124 1644 204 1707 atque
222 1649 295 1689 arma
321 1649 409 1707 capere
429 1631 515 1706 jubet.
537 1629 638 1689 classem
664 1635 815 1689 Romanam

78 1712 131 1789 jam
145 1712 215 1770 haud
227 1710 316 1788 procul
337 1726 414 1788 portu
427 1713 485 1770 effe,
523 1718 586 1771 Haec
604 1713 700 1791 equites
718 1713 815 1770 dimissi

78 1794 171 1870 paslim
183 1793 354 1870 imperabant.
370 1812 436 1852 mox
449 1793 568 1852 Asdrubal
583 1793 635 1871 ipse
653 1813 715 1852 cum
738 1795 815 1852 omni

78 1877 191 1934 exercitu
205 1876 305 1934 aderat:
325 1876 446 1952 varioque
461 1877 553 1933 omnia
564 1874 679 1933 tumultu
693 1878 815 1951 strepunt,

45 1983 50 1993 ·
79 1957 212 2025 ruentibus
237 1958 265 2013 in
287 1975 364 2015 naves
378 1956 454 2014 simul
470 1955 610 2035 remigibus
634 1955 815 2032 militibusque,

80 2035 238 2115 fugientium
253 2038 337 2114 magis
349 2035 364 2096 ὲ
376 2053 440 2096 terra
451 2036 532 2114 quim
549 2040 577 2093 in
594 2055 711 2112 pugnam
730 2039 813 2093 cunti·

81 2133 128 2175 tam
143 2119 232 2176 modo.
265 2118 384 2176 Vixdum
396 2137 489 2176 omnes
505 2117 708 2178 conscenderant,
728 2135 814 2191 quum

81 2197 121 2257 alti
137 2198 255 2258 resolutis
273 2199 325 2255 oris
344 2201 372 2257 in
389 2218 495 2258 ancoras
514 2198 668 2256 evehuntur:
705 2195 753 2261 alii,
779 2217 812 2255 ne

77 2280 137 2357 quid
150 2294 245 2344 teneat,
266 2280 390 2339 ancoralia
401 2281 530 2339 incidunt:
558 2281 702 2356 raptimque
721 2282 813 2336 omnia

77 2379 238 2439 praepropere
245 2362 474 2439 agendo,militum
486 2375 607 2439 apparatu
620 2361 721 2419 nautica
734 2363 812 2418 mini·

77 2443 147 2500 steria
165 2445 352 2520 impediuntur,
378 2445 546 2518 trepidatione
564 2456 698 2499 nautarum
721 2461 816 2519 capere·

77 2526 105 2582 dt
120 2539 205 2600 aptare
217 2543 292 2582 arma
304 2523 375 2580 miles
390 2524 545 2597 prohibetur.
586 2527 619 2580 Et
635 2522 691 2595 jam
709 2525 812 2580 Roma·

65 2619 124 2662 nus
143 2622 199 2662 non
216 2604 436 2682 appropinquabat
458 2603 548 2668 modo,
566 2603 607 2659 sed
623 2602 746 2661 direxerat
764 2606 811 2662 cti·

80 2700 119 2743 un
131 2687 158 2742 in
170 2705 292 2765 pugnam
305 2703 390 2743 naves.
407 2686 493 2761 itaque
505 2703 560 2742 non
573 2682 605 2740 ab
613 2681 685 2738 hone
699 2687 725 2741 ὃς
738 2704 809 2760 proe-

80 2761 113 2821 lio
123 2769 209 2846 magia
220 2767 308 2828 Poeni,
326 2763 405 2841 quim
417 2763 520 2824 suomet
532 2765 579 2841 ipsi
596 2761 710 2823 tumultu
725 2763 811 2821 turba·

80 2847 105 2911 ti,
122 2861 224 2909 tentata
234 2844 316 2907 uuile
330 2864 427 2927 pugna,
443 2845 525 2925 quim
540 2847 612 2913 inita,
629 2846 657 2902 in
671 2844 763 2923 fugam
782 2861 809 2898 a·

404 2931 425 2988 B
441 2947 456 3008 3
734 2936 824 2983 uerte·
