<?xml version="1.0" encoding="UTF-8"?>
<!DOCTYPE html PUBLIC "-//W3C//DTD XHTML 1.0 Transitional//EN"
    "http://www.w3.org/TR/xhtml1/DTD/xhtml1-transitional.dtd">
<html xmlns="http://www.w3.org/1999/xhtml" xml:lang="en" lang="en">
 <head>
  <title>
</title>
<meta http-equiv="Content-Type" content="text/html;charset=utf-8" />
  <meta name='ocr-system' content='tesseract 3.04.00' />
  <meta name='ocr-capabilities' content='ocr_page ocr_carea ocr_par ocr_line ocrx_word'/>
</head>
<body>
  <div class='ocr_page' id='page_1' title='image "./tliviipatavinih02livygoog_0039.png"; bbox 0 0 1814 3316; ppageno 0'>
   <div class='ocr_carea' id='block_1_1' title="bbox 0 2077 2 2937">
    <p class='ocr_par' dir='ltr' id='par_1_1' title="bbox 0 2077 2 2937">
     <span class='ocr_line' id='line_1_1' title="bbox 0 2077 2 2937; baseline 0 0"><span class='ocrx_word' id='word_1_1' title='bbox 0 2077 2 2937; x_wconf 95' lang='lat' dir='ltr'> </span> 
     </span>
    </p>
   </div>
   <div class='ocr_carea' id='block_1_2' title="bbox 179 112 708 207">
    <p class='ocr_par' dir='ltr' id='par_1_2' title="bbox 179 112 708 207">
     <span class='ocr_line' id='line_1_2' title="bbox 179 112 708 207; baseline 0.004 -22"><span class='ocrx_word' id='word_1_2' title='bbox 179 139 220 207; x_wconf 81' lang='lat'>3²</span> <span class='ocrx_word' id='word_1_3' title='bbox 413 112 708 187; x_wconf 79' lang='lat' dir='ltr'>T.L1vrr&#39;</span> 
     </span>
    </p>
   </div>
   <div class='ocr_carea' id='block_1_3' title="bbox 176 224 903 810">
    <p class='ocr_par' dir='ltr' id='par_1_3' title="bbox 177 224 901 387">
     <span class='ocr_line' id='line_1_3' title="bbox 177 224 901 304; baseline 0.001 -21"><span class='ocrx_word' id='word_1_4' title='bbox 177 227 263 284; x_wconf 87' lang='lat' dir='ltr'>decim</span> <span class='ocrx_word' id='word_1_5' title='bbox 282 224 359 284; x_wconf 87' lang='lat' dir='ltr'>millia</span> <span class='ocrx_word' id='word_1_6' title='bbox 378 224 493 285; x_wconf 89' lang='lat' dir='ltr'>hostium</span> <span class='ocrx_word' id='word_1_7' title='bbox 511 228 668 291; x_wconf 87' lang='lat' dir='ltr'>occiderunt,</span> <span class='ocrx_word' id='word_1_8' title='bbox 699 238 810 304; x_wconf 79' lang='lat' dir='ltr'>quatuor</span> <span class='ocrx_word' id='word_1_9' title='bbox 829 224 901 285; x_wconf 81' lang='lat' dir='ltr'>milli</span> 
     </span>
     <span class='ocr_line' id='line_1_4' title="bbox 177 308 720 387; baseline 0.002 -22"><span class='ocrx_word' id='word_1_10' title='bbox 177 327 240 365; x_wconf 84' lang='lat' dir='ltr'>cum</span> <span class='ocrx_word' id='word_1_11' title='bbox 255 308 341 366; x_wconf 79' lang='lat' dir='ltr'>multis</span> <span class='ocrx_word' id='word_1_12' title='bbox 354 308 503 366; x_wconf 86' lang='lat' dir='ltr'>militaribus</span> <span class='ocrx_word' id='word_1_13' title='bbox 515 310 593 387; x_wconf 75' lang='lat' dir='ltr'>signis</span> <span class='ocrx_word' id='word_1_14' title='bbox 608 311 720 386; x_wconf 83' lang='lat' dir='ltr'>capiunt.</span> 
     </span>
    </p>

    <p class='ocr_par' dir='ltr' id='par_1_4' title="bbox 176 389 903 793">
     <span class='ocr_line' id='line_1_5' title="bbox 217 389 903 467; baseline 0 -20"><span class='ocrx_word' id='word_1_15' title='bbox 217 391 309 447; x_wconf 82' lang='lat' dir='ltr'>XXII</span> <span class='ocrx_word' id='word_1_16' title='bbox 329 394 388 447; x_wconf 88' lang='lat' dir='ltr'>Hoc</span> <span class='ocrx_word' id='word_1_17' title='bbox 402 392 467 447; x_wconf 83' lang='lat' dir='ltr'>statu</span> <span class='ocrx_word' id='word_1_18' title='bbox 484 410 570 447; x_wconf 89' lang='lat' dir='ltr'>rerum</span> <span class='ocrx_word' id='word_1_19' title='bbox 589 393 616 447; x_wconf 92' lang='grc' dir='ltr'>ιιι</span> <span class='ocrx_word' id='word_1_20' title='bbox 631 389 759 467; x_wconf 78' lang='lat' dir='ltr'>Hispania,</span> <span class='ocrx_word' id='word_1_21' title='bbox 778 392 808 447; x_wconf 74' lang='grc' dir='ltr'><strong><em>Ρ</em></strong></span> <span class='ocrx_word' id='word_1_22' title='bbox 822 390 903 467; x_wconf 82' lang='lat' dir='ltr'>Scip&#39;</span> 
     </span>
     <span class='ocr_line' id='line_1_6' title="bbox 176 469 900 565; baseline -0.001 -38"><span class='ocrx_word' id='word_1_23' title='bbox 176 471 205 527; x_wconf 88' lang='lat' dir='ltr'>in</span> <span class='ocrx_word' id='word_1_24' title='bbox 224 470 386 545; x_wconf 85' lang='lat' dir='ltr'>provinciam</span> <span class='ocrx_word' id='word_1_25' title='bbox 409 472 488 536; x_wconf 89' lang='lat' dir='ltr'>venit,</span> <span class='ocrx_word' id='word_1_26' title='bbox 512 487 653 550; x_wconf 87' lang='lat' dir='ltr'>prorogato</span> <span class='ocrx_word' id='word_1_27' title='bbox 666 474 727 565; x_wconf 85' lang='lat' dir='ltr'>post</span> <span class='ocrx_word' id='word_1_28' title='bbox 747 469 900 530; x_wconf 77' lang='lat' dir='ltr'>consulatu</span> 
     </span>
     <span class='ocr_line' id='line_1_7' title="bbox 176 548 890 630; baseline 0.001 -23"><span class='ocrx_word' id='word_1_29' title='bbox 176 551 298 625; x_wconf 87' lang='lat' dir='ltr'>imperio,</span> <span class='ocrx_word' id='word_1_30' title='bbox 314 550 346 609; x_wconf 91' lang='lat' dir='ltr'>ab</span> <span class='ocrx_word' id='word_1_31' title='bbox 358 548 444 609; x_wconf 85' lang='lat' dir='ltr'>senatu</span> <span class='ocrx_word' id='word_1_32' title='bbox 458 553 547 610; x_wconf 83' lang='lat' dir='ltr'>miffus</span> <span class='ocrx_word' id='word_1_33' title='bbox 562 572 626 611; x_wconf 85' lang='lat' dir='ltr'>cum</span> <span class='ocrx_word' id='word_1_34' title='bbox 640 554 746 630; x_wconf 86' lang='lat' dir='ltr'>triginta</span> <span class='ocrx_word' id='word_1_35' title='bbox 765 552 851 630; x_wconf 76' lang='lat' dir='ltr'>longis</span> <span class='ocrx_word' id='word_1_36' title='bbox 887 581 890 588; x_wconf 43' lang='lat' dir='ltr'><em>f</em></span> 
     </span>
     <span class='ocr_line' id='line_1_8' title="bbox 177 632 897 712; baseline 0 -23"><span class='ocrx_word' id='word_1_37' title='bbox 177 632 260 697; x_wconf 80' lang='lat' dir='ltr'>vibus,</span> <span class='ocrx_word' id='word_1_38' title='bbox 280 637 308 693; x_wconf 76' lang='grc' dir='ltr'>δι</span> <span class='ocrx_word' id='word_1_39' title='bbox 324 634 388 690; x_wconf 74' lang='lat' dir='ltr'>otto</span> <span class='ocrx_word' id='word_1_40' title='bbox 402 632 513 691; x_wconf 85' lang='lat' dir='ltr'>millibus</span> <span class='ocrx_word' id='word_1_41' title='bbox 527 634 651 698; x_wconf 87' lang='lat' dir='ltr'>militum,</span> <span class='ocrx_word' id='word_1_42' title='bbox 671 652 821 712; x_wconf 85' lang='lat' dir='ltr'>magnoque</span> <span class='ocrx_word' id='word_1_43' title='bbox 833 650 897 689; x_wconf 88' lang='lat' dir='ltr'>eom</span> 
     </span>
     <span class='ocr_line' id='line_1_9' title="bbox 176 714 898 810; baseline 0 -39"><span class='ocrx_word' id='word_1_44' title='bbox 176 728 267 772; x_wconf 91' lang='lat' dir='ltr'>meatu</span> <span class='ocrx_word' id='word_1_45' title='bbox 280 714 395 773; x_wconf 70' lang='lat' dir='ltr'>alveolo.</span> <span class='ocrx_word' id='word_1_46' title='bbox 429 720 472 810; x_wconf 38' lang='lat' dir='ltr'>&#39;Ea</span> <span class='ocrx_word' id='word_1_47' title='bbox 488 715 595 773; x_wconf 83' lang='lat' dir='ltr'>claiirs&#39;</span> <span class='ocrx_word' id='word_1_48' title='bbox 587 723 678 793; x_wconf 76' lang='lat' dir='ltr'>ingeris</span> <span class='ocrx_word' id='word_1_49' title='bbox 698 716 832 809; x_wconf 82' lang='lat' dir='ltr'>agmine</span> <span class='ocrx_word' id='word_1_50' title='bbox 819 732 898 807; x_wconf 78' lang='lat' dir='ltr'>onera</span> 
     </span>
    </p>
   </div>
   <div class='ocr_carea' id='block_1_4' title="bbox 175 957 907 2025">
    <p class='ocr_par' dir='ltr' id='par_1_5' title="bbox 175 957 907 1764">
     <span class='ocr_line' id='line_1_10' title="bbox 177 957 897 1052; baseline 0.001 -38"><span class='ocrx_word' id='word_1_51' title='bbox 177 958 214 1014; x_wconf 90' lang='lat' dir='ltr'>ibi</span> <span class='ocrx_word' id='word_1_52' title='bbox 232 958 315 1015; x_wconf 85' lang='lat' dir='ltr'>milite</span> <span class='ocrx_word' id='word_1_53' title='bbox 332 959 458 1041; x_wconf 85' lang='lat' dir='ltr'>expolito,</span> <span class='ocrx_word' id='word_1_54' title='bbox 492 958 624 1036; x_wconf 65' lang='lat' dir='ltr'>profestos</span> <span class='ocrx_word' id='word_1_55' title='bbox 641 960 729 1052; x_wconf 85' lang='lat' dir='ltr'>Scipio</span> <span class='ocrx_word' id='word_1_56' title='bbox 750 957 822 1015; x_wconf 85' lang='lat' dir='ltr'>fratri</span> <span class='ocrx_word' id='word_1_57' title='bbox 845 976 897 1016; x_wconf 88' lang='lat' dir='ltr'>con</span> 
     </span>
     <span class='ocr_line' id='line_1_11' title="bbox 176 1018 907 1117; baseline 0 -22"><span class='ocrx_word' id='word_1_58' title='bbox 176 1036 315 1116; x_wconf 78' lang='lat' dir='ltr'>jrmgitur:</span> <span class='ocrx_word' id='word_1_59' title='bbox 342 1059 373 1097; x_wconf 87' lang='lat' dir='ltr'>ac</span> <span class='ocrx_word' id='word_1_60' title='bbox 385 1018 476 1098; x_wconf 89' lang='lat' dir='ltr'>deinde</span> <span class='ocrx_word' id='word_1_61' title='bbox 493 1041 635 1099; x_wconf 87' lang='lat' dir='ltr'>communi</span> <span class='ocrx_word' id='word_1_62' title='bbox 647 1041 736 1100; x_wconf 88' lang='lat' dir='ltr'>animo</span> <span class='ocrx_word' id='word_1_63' title='bbox 753 1038 877 1117; x_wconf 84' lang='lat' dir='ltr'>confilioq</span> <span class='ocrx_word' id='word_1_64' title='bbox 899 1076 907 1084; x_wconf 88' lang='lat'>-</span> 
     </span>
     <span class='ocr_line' id='line_1_12' title="bbox 176 1119 896 1199; baseline -0.001 -22"><span class='ocrx_word' id='word_1_65' title='bbox 176 1119 299 1197; x_wconf 78' lang='lat' dir='ltr'>gerebant</span> <span class='ocrx_word' id='word_1_66' title='bbox 316 1119 420 1178; x_wconf 82' lang='lat' dir='ltr'>bellum.</span> <span class='ocrx_word' id='word_1_67' title='bbox 459 1124 600 1199; x_wconf 86' lang='lat' dir='ltr'>Occupatis</span> <span class='ocrx_word' id='word_1_68' title='bbox 618 1123 695 1199; x_wconf 86' lang='lat' dir='ltr'>igitur</span> <span class='ocrx_word' id='word_1_69' title='bbox 713 1121 896 1199; x_wconf 69' lang='lat' dir='ltr'>Carthaginien</span> 
     </span>
     <span class='ocr_line' id='line_1_13' title="bbox 177 1143 901 1268; baseline 0.003 -11"><span class='ocrx_word' id='word_1_70' title='bbox 177 1200 245 1258; x_wconf 82' lang='lat' dir='ltr'>fibus</span> <span class='ocrx_word' id='word_1_71' title='bbox 265 1200 417 1259; x_wconf 83' lang='lat' dir='ltr'>Celtiberico</span> <span class='ocrx_word' id='word_1_72' title='bbox 437 1201 512 1268; x_wconf 88' lang='lat' dir='ltr'>bello,</span> <span class='ocrx_word' id='word_1_73' title='bbox 535 1143 607 1261; x_wconf 70' lang='lat' dir='ltr'>baud</span> <span class='ocrx_word' id='word_1_74' title='bbox 632 1203 782 1260; x_wconf 69' lang='lat' dir='ltr'>constanter</span> <span class='ocrx_word' id='word_1_75' title='bbox 804 1201 901 1259; x_wconf 80' lang='lat' dir='ltr'>·1beru·</span> 
     </span>
     <span class='ocr_line' id='line_1_14' title="bbox 175 1281 901 1360; baseline 0 -20"><span class='ocrx_word' id='word_1_76' title='bbox 175 1281 413 1360; x_wconf 84' lang='lat' dir='ltr'>transgrediuntur:</span> <span class='ocrx_word' id='word_1_77' title='bbox 441 1302 491 1342; x_wconf 88' lang='lat' dir='ltr'>nec</span> <span class='ocrx_word' id='word_1_78' title='bbox 511 1283 563 1342; x_wconf 91' lang='lat' dir='ltr'>ullo</span> <span class='ocrx_word' id='word_1_79' title='bbox 584 1282 639 1341; x_wconf 87' lang='lat' dir='ltr'>viso</span> <span class='ocrx_word' id='word_1_80' title='bbox 660 1283 740 1348; x_wconf 90' lang='lat' dir='ltr'>hoste,</span> <span class='ocrx_word' id='word_1_81' title='bbox 763 1287 901 1360; x_wconf 84' lang='lat' dir='ltr'>Sagunto·</span> 
     </span>
     <span class='ocr_line' id='line_1_15' title="bbox 177 1362 897 1441; baseline 0 -20"><span class='ocrx_word' id='word_1_82' title='bbox 177 1377 290 1441; x_wconf 81' lang='lat' dir='ltr'>pergunt</span> <span class='ocrx_word' id='word_1_83' title='bbox 304 1366 348 1429; x_wconf 86' lang='lat' dir='ltr'>ire,</span> <span class='ocrx_word' id='word_1_84' title='bbox 369 1362 439 1441; x_wconf 82' lang='lat' dir='ltr'>qubd</span> <span class='ocrx_word' id='word_1_85' title='bbox 457 1365 493 1421; x_wconf 92' lang='lat' dir='ltr'>ibi</span> <span class='ocrx_word' id='word_1_86' title='bbox 512 1365 611 1423; x_wconf 85' lang='lat' dir='ltr'>obfides</span> <span class='ocrx_word' id='word_1_87' title='bbox 624 1366 703 1423; x_wconf 83' lang='lat' dir='ltr'>totius</span> <span class='ocrx_word' id='word_1_88' title='bbox 721 1364 847 1441; x_wconf 77' lang='lat' dir='ltr'>Hispaniae</span> <span class='ocrx_word' id='word_1_89' title='bbox 863 1383 897 1421; x_wconf 92' lang='lat' dir='ltr'>cu</span> 
     </span>
     <span class='ocr_line' id='line_1_16' title="bbox 178 1445 902 1503; baseline -0.001 -1"><span class='ocrx_word' id='word_1_90' title='bbox 178 1445 266 1502; x_wconf 83' lang='lat' dir='ltr'>stodiae</span> <span class='ocrx_word' id='word_1_91' title='bbox 288 1446 393 1503; x_wconf 83' lang='lat' dir='ltr'>traditos</span> <span class='ocrx_word' id='word_1_92' title='bbox 415 1445 448 1503; x_wconf 88' lang='lat' dir='ltr'>ab</span> <span class='ocrx_word' id='word_1_93' title='bbox 467 1448 589 1503; x_wconf 84' lang='lat' dir='ltr'>Annibale</span> <span class='ocrx_word' id='word_1_94' title='bbox 607 1447 676 1503; x_wconf 86' lang='lat' dir='ltr'>fama</span> <span class='ocrx_word' id='word_1_95' title='bbox 695 1461 748 1503; x_wconf 86' lang='lat' dir='ltr'>erat</span> <span class='ocrx_word' id='word_1_96' title='bbox 762 1445 902 1501; x_wconf 86' lang='lat' dir='ltr'>modico·</span> 
     </span>
     <span class='ocr_line' id='line_1_17' title="bbox 178 1523 906 1602; baseline 0 -21"><span class='ocrx_word' id='word_1_97' title='bbox 178 1542 235 1581; x_wconf 79' lang='lat' dir='ltr'>aree</span> <span class='ocrx_word' id='word_1_98' title='bbox 250 1525 372 1581; x_wconf 85' lang='lat' dir='ltr'>custodiri</span> <span class='ocrx_word' id='word_1_99' title='bbox 385 1525 509 1599; x_wconf 84' lang='lat' dir='ltr'>praefidio</span> <span class='ocrx_word' id='word_1_100' title='bbox 525 1527 550 1581; x_wconf 87' lang='lat' dir='ltr'>id</span> <span class='ocrx_word' id='word_1_101' title='bbox 570 1544 652 1581; x_wconf 90' lang='lat' dir='ltr'>unum</span> <span class='ocrx_word' id='word_1_102' title='bbox 666 1526 760 1602; x_wconf 85' lang='lat' dir='ltr'>plgnus</span> <span class='ocrx_word' id='word_1_103' title='bbox 775 1523 906 1581; x_wconf 86' lang='lat' dir='ltr'>inclinato</span> 
     </span>
     <span class='ocr_line' id='line_1_18' title="bbox 177 1603 890 1679; baseline -0.004 -17"><span class='ocrx_word' id='word_1_104' title='bbox 177 1604 209 1662; x_wconf 85' lang='lat' dir='ltr'>ad</span> <span class='ocrx_word' id='word_1_105' title='bbox 232 1608 382 1662; x_wconf 78' lang='lat' dir='ltr'>Romanam</span> <span class='ocrx_word' id='word_1_106' title='bbox 402 1604 550 1662; x_wconf 83' lang='lat' dir='ltr'>societatem</span> <span class='ocrx_word' id='word_1_107' title='bbox 571 1605 693 1662; x_wconf 90' lang='lat' dir='ltr'>omnium</span> <span class='ocrx_word' id='word_1_108' title='bbox 714 1603 840 1679; x_wconf 84' lang='lat' dir='ltr'>Hispaniae</span> <span class='ocrx_word' id='word_1_109' title='bbox 866 1633 890 1653; x_wconf 85' lang='lat'>··</span> 
     </span>
     <span class='ocr_line' id='line_1_19' title="bbox 177 1682 877 1764; baseline 0.001 -22"><span class='ocrx_word' id='word_1_110' title='bbox 177 1682 298 1761; x_wconf 83' lang='lat' dir='ltr'>polorum</span> <span class='ocrx_word' id='word_1_111' title='bbox 316 1685 418 1741; x_wconf 84' lang='lat' dir='ltr'>animos</span> <span class='ocrx_word' id='word_1_112' title='bbox 438 1685 594 1751; x_wconf 82' lang='lat' dir='ltr'>morabatur,</span> <span class='ocrx_word' id='word_1_113' title='bbox 620 1703 653 1741; x_wconf 90' lang='lat' dir='ltr'>ne</span> <span class='ocrx_word' id='word_1_114' title='bbox 665 1683 787 1764; x_wconf 85' lang='lat' dir='ltr'>sanguine</span> <span class='ocrx_word' id='word_1_115' title='bbox 798 1683 877 1745; x_wconf 76' lang='lat' dir='ltr'>libeni</span> 
     </span>
    </p>

    <p class='ocr_par' dir='ltr' id='par_1_6' title="bbox 176 1762 904 2007">
     <span class='ocr_line' id='line_1_20' title="bbox 176 1762 904 1859; baseline 0.004 -38"><span class='ocrx_word' id='word_1_116' title='bbox 176 1762 283 1823; x_wconf 85' lang='lat' dir='ltr'>suorum</span> <span class='ocrx_word' id='word_1_117' title='bbox 309 1765 383 1859; x_wconf 90' lang='lat' dir='ltr'>culpa</span> <span class='ocrx_word' id='word_1_118' title='bbox 402 1764 567 1825; x_wconf 60' lang='lat' dir='ltr'>defectionis</span> <span class='ocrx_word' id='word_1_119' title='bbox 576 1766 691 1825; x_wconf 85' lang='lat' dir='ltr'>lueretur.</span> <span class='ocrx_word' id='word_1_120' title='bbox 739 1772 778 1825; x_wconf 84' lang='lat' dir='ltr'>Eo</span> <span class='ocrx_word' id='word_1_121' title='bbox 804 1766 904 1824; x_wconf 87' lang='lat' dir='ltr'>vincul</span> 
     </span>
     <span class='ocr_line' id='line_1_21' title="bbox 176 1845 897 1926; baseline 0.003 -21"><span class='ocrx_word' id='word_1_122' title='bbox 176 1845 364 1922; x_wconf 84' lang='lat' dir='ltr'>Hispaniam</span> <span class='ocrx_word' id='word_1_123' title='bbox 338 1866 377 1904; x_wconf 78' lang='grc' dir='ltr'>ιιι</span> <span class='ocrx_word' id='word_1_124' title='bbox 389 1866 464 1913; x_wconf 83' lang='lat' dir='ltr'>unus,</span> <span class='ocrx_word' id='word_1_125' title='bbox 482 1848 566 1907; x_wconf 86' lang='lat' dir='ltr'>solerti</span> <span class='ocrx_word' id='word_1_126' title='bbox 578 1850 661 1926; x_wconf 87' lang='lat' dir='ltr'>magis</span> <span class='ocrx_word' id='word_1_127' title='bbox 672 1846 752 1924; x_wconf 79' lang='lat' dir='ltr'>quim</span> <span class='ocrx_word' id='word_1_128' title='bbox 767 1848 833 1905; x_wconf 87' lang='lat' dir='ltr'>fideli</span> <span class='ocrx_word' id='word_1_129' title='bbox 845 1866 897 1907; x_wconf 84' lang='lat' dir='ltr'>con</span> 
     </span>
     <span class='ocr_line' id='line_1_22' title="bbox 178 1927 897 2025; baseline 0 -40"><span class='ocrx_word' id='word_1_130' title='bbox 178 1927 242 1991; x_wconf 83' lang='lat' dir='ltr'>lilio,</span> <span class='ocrx_word' id='word_1_131' title='bbox 260 1927 376 1988; x_wconf 81' lang='lat' dir='ltr'>exsolvit.</span> <span class='ocrx_word' id='word_1_132' title='bbox 414 1929 510 2025; x_wconf 79' lang='lat' dir='ltr'>Abelox</span> <span class='ocrx_word' id='word_1_133' title='bbox 522 1944 575 1988; x_wconf 88' lang='lat' dir='ltr'>erat</span> <span class='ocrx_word' id='word_1_134' title='bbox 591 1933 696 2007; x_wconf 84' lang='lat' dir='ltr'>Sagunti</span> <span class='ocrx_word' id='word_1_135' title='bbox 716 1929 806 1987; x_wconf 84' lang='lat' dir='ltr'>nobilis</span> <span class='ocrx_word' id='word_1_136' title='bbox 819 1929 897 2006; x_wconf 81' lang='lat' dir='ltr'>Hispa</span> 
     </span>
    </p>
   </div>
   <div class='ocr_carea' id='block_1_5' title="bbox 177 2492 899 2898">
    <p class='ocr_par' dir='ltr' id='par_1_7' title="bbox 177 2492 905 2911">
     <span class='ocr_line' id='line_1_23' title="bbox 178 2492 896 2574; baseline 0.008 -25"><span class='ocrx_word' id='word_1_137' title='bbox 178 2492 381 2570; x_wconf 76' lang='lat' dir='ltr'>Circumspeuis</span> <span class='ocrx_word' id='word_1_138' title='bbox 398 2496 475 2574; x_wconf 83' lang='lat' dir='ltr'>igitur</span> <span class='ocrx_word' id='word_1_139' title='bbox 495 2496 618 2554; x_wconf 87' lang='lat' dir='ltr'>omnibus</span> <span class='ocrx_word' id='word_1_140' title='bbox 639 2517 697 2573; x_wconf 86' lang='lat' dir='ltr'>quae</span> <span class='ocrx_word' id='word_1_141' title='bbox 715 2498 818 2554; x_wconf 87' lang='lat' dir='ltr'>fortuna</span> <span class='ocrx_word' id='word_1_142' title='bbox 834 2514 896 2573; x_wconf 83' lang='lat' dir='ltr'>pote</span> 
     </span>
     <span class='ocr_line' id='line_1_24' title="bbox 178 2575 899 2652; baseline -0.007 -18"><span class='ocrx_word' id='word_1_143' title='bbox 178 2576 247 2634; x_wconf 78' lang='lat' dir='ltr'>statis</span> <span class='ocrx_word' id='word_1_144' title='bbox 268 2576 324 2649; x_wconf 88' lang='lat' dir='ltr'>ejus</span> <span class='ocrx_word' id='word_1_145' title='bbox 347 2590 445 2651; x_wconf 87' lang='lat' dir='ltr'>poterat</span> <span class='ocrx_word' id='word_1_146' title='bbox 470 2577 559 2640; x_wconf 86' lang='lat' dir='ltr'>fatere,</span> <span class='ocrx_word' id='word_1_147' title='bbox 592 2577 718 2636; x_wconf 83' lang='lat' dir='ltr'>obfidibus</span> <span class='ocrx_word' id='word_1_148' title='bbox 741 2575 899 2652; x_wconf 79' lang='lat' dir='ltr'>potissimb</span> 
     </span>
     <span class='ocr_line' id='line_1_25' title="bbox 177 2656 895 2733; baseline 0.003 -20"><span class='ocrx_word' id='word_1_149' title='bbox 177 2656 304 2713; x_wconf 83' lang='lat' dir='ltr'>tradendis</span> <span class='ocrx_word' id='word_1_150' title='bbox 313 2658 432 2715; x_wconf 89' lang='lat' dir='ltr'>animum</span> <span class='ocrx_word' id='word_1_151' title='bbox 444 2658 554 2733; x_wconf 83' lang='lat' dir='ltr'>adjecit:</span> <span class='ocrx_word' id='word_1_152' title='bbox 585 2677 643 2716; x_wconf 89' lang='lat' dir='ltr'>eam</span> <span class='ocrx_word' id='word_1_153' title='bbox 660 2674 741 2717; x_wconf 87' lang='lat' dir='ltr'>unam</span> <span class='ocrx_word' id='word_1_154' title='bbox 754 2675 811 2713; x_wconf 88' lang='lat' dir='ltr'>rem</span> <span class='ocrx_word' id='word_1_155' title='bbox 823 2660 895 2715; x_wconf 84' lang='lat' dir='ltr'>maxi</span> 
     </span>
     <span class='ocr_line' id='line_1_26' title="bbox 177 2733 897 2815; baseline 0 -20"><span class='ocrx_word' id='word_1_156' title='bbox 177 2733 224 2795; x_wconf 85' lang='grc' dir='ltr'><strong>ιιιὲ</strong></span> <span class='ocrx_word' id='word_1_157' title='bbox 234 2749 302 2793; x_wconf 78' lang='lat' dir='ltr'>ratus</span> <span class='ocrx_word' id='word_1_158' title='bbox 312 2738 503 2797; x_wconf 77' lang='lat' dir='ltr'>conciliaturam</span> <span class='ocrx_word' id='word_1_159' title='bbox 515 2741 643 2797; x_wconf 84' lang='lat' dir='ltr'>Romanis</span> <span class='ocrx_word' id='word_1_160' title='bbox 659 2739 804 2813; x_wconf 86' lang='lat' dir='ltr'>principum</span> <span class='ocrx_word' id='word_1_161' title='bbox 817 2737 897 2815; x_wconf 85' lang='lat' dir='ltr'>Hispa</span> 
     </span>
     <span class='ocr_line' id='line_1_27' title="bbox 178 2818 894 2898; baseline 0.003 -21"><span class='ocrx_word' id='word_1_162' title='bbox 178 2819 227 2877; x_wconf 80' lang='lat' dir='ltr'>niae</span> <span class='ocrx_word' id='word_1_163' title='bbox 246 2818 397 2881; x_wconf 87' lang='lat' dir='ltr'>amicitiam.</span> <span class='ocrx_word' id='word_1_164' title='bbox 433 2819 482 2877; x_wconf 79' lang='lat' dir='ltr'>Sed</span> <span class='ocrx_word' id='word_1_165' title='bbox 500 2818 698 2898; x_wconf 76' lang='lat' dir='ltr'>quum-injussu</span> <span class='ocrx_word' id='word_1_166' title='bbox 715 2819 822 2879; x_wconf 80' lang='lat' dir='ltr'>bostaris</span> <span class='ocrx_word' id='word_1_167' title='bbox 849 2849 894 2866; x_wconf 59' lang='grc' dir='ltr'>ν·</span> 
     </span>
    </p>
   </div>
   <div class='ocr_carea' id='block_1_6' title="bbox 0 0 912 3316">
    <p class='ocr_par' dir='ltr' id='par_1_8' title="bbox 0 0 912 3316">
     <span class='ocr_line' id='line_1_28' title="bbox 0 0 912 3316; baseline 0 0"><span class='ocrx_word' id='word_1_168' title='bbox 0 0 912 3316; x_wconf 95' lang='lat' dir='ltr'> </span> 
     </span>
    </p>
   </div>
  </div>
 </body>
</html>
