1814 3316
89 153 150 237 248
309 148 624 217 T0LIV11„

85 282 147 321 rum
177 259 367 335 verborumque
395 256 494 313 honore
518 253 657 333 exsequias
680 253 815 315 celebrium

88 352 151 402 Haec
164 343 266 401 tradunt
272 342 317 416 qui
325 343 350 397 ln
367 339 477 396 Lucanis
488 338 524 394 rei
540 336 746 416 gestaeauCIoter
757 336 815 397 suut·

89 428 116 481 Si
129 425 186 489 illis,
202 423 247 500 qui
262 423 292 478 ad
308 419 427 478 Calorem
445 419 560 477 fluvium
578 418 750 478 interfostum
767 436 815 477 rur·

88 512 202 569 morant,
223 505 324 561 credere
336 501 405 566 velis,
425 502 515 578 capitis
530 497 636 559 tantum
653 499 816 561 Gmrchiho·

88 589 138 644 stes
160 587 237 663 potiti
255 584 322 642 sunt.
343 602 379 640 eo
399 583 483 641 delato
499 581 532 640 ad
548 581 716 666 Annibalem,
738 582 817 641 milior

86 668 120 724 ab
141 687 174 725 eo
192 667 330 728 confestim
352 663 480 728 Carthalo,
510 664 557 739 qui
567 666 596 721 in
608 666 690 723 calin
705 666 817 741 Romen

87 750 120 806 ad
132 751 245 808 Cnaenm
253 746 404 806 Cornelium
412 747 566 823 quaestorem
580 745 703 806 deferret.
719 747 742 805 ir
750 746 817 805 funur'

89 833 249 908 imperatoris
269 831 295 887 in
318 829 410 892 castris,
440 825 623 886 cucumerum
636 846 705 887 cum
716 827 816 889 acciu

88 912 279 977 Beneventanis,
300 911 371 970 feeit.
634 918 638 925 '

131 998 233 1053 XVIII.
252 991 384 1056 Consules,
413 1010 505 1070 agrum
522 993 697 1066 Campanum
716 990 817 1072 ingeni,

88 1094 172 1152 quum
189 1074 283 1151 parlim
304 1074 501 1151 popularenturr
528 1073 666 1150 eruptione
683 1075 816 1152 oppfflro

87 1177 148 1215 rum
164 1161 192 1216 ὃ(
206 1158 326 1234 Magonis
339 1173 401 1212 cum
414 1157 530 1231 equitatu
544 1155 626 1214 territi
637 1172 671 1214 nc
685 1154 776 1233 trepidi
790 1154 816 1214 ul

88 1238 160 1316 srgna
172 1236 264 1296 milites
275 1236 372 1315 palatos
385 1238 475 1311 paffim
484 1235 647 1295 revoeirunt:
674 1240 704 1297 δι
717 1237 817 1296 vixdum

88 1322 213 1381 instruila
225 1321 280 1379 acie
294 1319 351 1384 fust,
371 1317 446 1394 supra
458 1317 528 1375 mille
541 1322 570 1378 &
585 1317 746 1397 quingentae
756 1316 817 1377 mili·

88 1416 127 1460 ter
138 1400 285 1462 amiserunt.
324 1401 387 1459 lude
400 1402 492 1478 ingena¹
505 1397 723 1477 fmociasuperboe
736 1400 818 1480 suopte

88 1485 194 1562 ingenio
205 1486 277 1562 genti
288 1485 382 1549 crevitr
409 1480 545 1559 multisque
563 1480 662 1559 proeliir
677 1480 818 1542 Iaceffihne

89 1568 241 1622 Romanor:
268 1563 309 1620 sed
329 1563 478 1621 intentiores
497 1562 527 1620 nd
550 1563 697 1622 cavendum
711 1562 818 1624 consulo

88 1663 139 1702 una
153 1663 240 1722 pugna
259 1642 353 1701 fecerat
370 1642 472 1702 inmoti
490 1656 569 1722 atque
586 1642 735 1705 inconsulti
753 1646 818 1721 inite⁸

88 1727 208 1785 Restituit
220 1742 308 1785 tamen
320 1722 359 1782 his
371 1724 483 1789 animos,
503 1729 531 1785 δι
546 1724 592 1784 illia
608 1727 706 1786 miuuir
720 1727 816 1787 aurbei·
857 1734 859 1745 '

87 1824 130 1864 am
144 1825 221 1884 parva
235 1824 287 1864 una
300 1825 349 1866 rer.
366 1805 408 1866 sed
426 1807 454 1864 ln
469 1805 534 1866 bello
550 1802 615 1866 nihil
632 1822 690 1867 tam
703 1806 760 1867 lere
778 1808 818 1873 eil,

85 1890 156 1965 quod
171 1907 225 1949 non
241 1907 344 1966 magnae
357 1889 485 1947 interdum
501 1890 538 1946 rei
550 1905 723 1949 momentum
740 1891 817 1950 neiat

87 1976 122 2029 T.
134 1973 246 2049 Quintio
259 1969 376 2047 Crispino
390 1971 648 2047 BadIurCampanur
659 1970 753 2050 hosper
762 1984 818 2036 eret.

86 2052 248 2128 perfamiliari
264 2052 374 2131 hospitio
394 2053 511 2128 junilur.
530 2067 644 2112 creemur
658 2053 819 2117 consuendo·

88 2133 157 2209 quod
169 2156 236 2215 aeger
250 2139 347 2193 Romae
358 2136 424 2213 apud
430 2133 578 2210 Crispirrum
598 2134 692 2194 Badiur
704 2150 766 2197 ante
777 2136 817 2193 de·

88 2214 231 2276 fertionem
252 2220 414 2293 Campanam
433 2214 563 2273 liberaliter
576 2217 740 2296 comiterque
751 2235 819 2276 eurr·

86 2310 129 2352 rur
142 2295 231 2356 fuerat.
271 2303 344 2354 ‘I‘um
356 2299 446 2354 Badius
460 2297 602 2375 progrrssirr
621 2311 683 2357 ante
697 2300 819 2364 sturione.
857 2336 860 2343 ·

84 2394 143 2453 quae
163 2396 211 2453 pro
225 2389 299 2454 porta
321 2375 430 2440 slab'm,
465 2379 550 2436 vorari
572 2378 725 2457 Crispinum
743 2380 819 2456 juffir.

86 2455 157 2534 quod
172 2457 215 2513 ubi
229 2461 266 2516 est
279 2456 399 2532 CrispIno
410 2459 575 2524 nunciatumr
604 2475 675 2519 ratur
699 2460 818 2540 colloqui·

85 2555 133 2594 um
146 2539 262 2596 amicum
277 2556 307 2594 ac
323 2538 447 2595 familiare
461 2542 548 2617 quaeri,
573 2556 698 2602 manente
715 2563 817 2602 memo·

82 2619 127 2682 ria,
147 2621 224 2676 etiam
238 2621 264 2676 in
277 2617 382 2681 discidio
395 2619 557 2696 publicorum
575 2622 720 2691 foederum,
736 2628 817 2704 privt-

82 2700 102 2756 ti
115 2699 186 2772 juria,
206 2699 319 2775 paullum
336 2699 351 2760 i
366 2703 454 2763 ceteris
469 2702 597 2780 processit.
639 2709 779 2787 Postquam
793 2708 818 2766 iu

83 2780 252 2860 conspectum
267 2801 367 2848 venere,
378 2794 521 2848 Prrvoaorr,
542 2785 636 2863 inquit,
655 2791 692 2845 ad
699 2804 818 2867 pugnem,

80 2865 196 2944 cryptae,
218 2865 320 2923 Badius:
349 2867 531 2945 conscendamus
545 2886 625 2944 equor,
635 2871 816 2947 summisque

668 3002 672 3011 .
750 2951 814 3017 aliie,
