1814 3316
133 123 200 202 ῃ,
262 136 276 146 =·
337 110 405 182 r.
436 112 627 186 nturi

32 246 43 261 ·
135 226 224 284 retinis
236 223 297 289 lieri,
318 225 351 283 C.
357 221 510 300 Calpurnius
519 220 655 300 seripleatr
675 223 721 299 qui
734 239 792 281 eam
806 221 872 300 pre}

135 308 249 366 vinciam
267 319 408 384 propraetor
427 303 567 363 obtinebat.
615 307 705 381 ltaque
726 304 868 365 confestim

135 387 168 446 eb
181 389 272 447 nullus
283 385 415 446 Marcellus
426 383 676 465 conlirldefignatus,
694 388 740 463 qui
752 405 807 448 rem
822 389 865 443 in·

133 469 252 546 spiceum
279 489 318 533 ac,
342 469 362 526 sr
383 468 462 547 digna
474 468 612 544 'rideretuu
628 470 756 549 ‘mereitu
779 469 865 526 accito

132 547 226 608 bellum
238 569 270 610 ex
281 549 405 625 Apuliain
418 550 547 610 Etruriam
560 547 713 609 transferet.
752 555 794 608 Eo
805 568 866 607 me·

128 644 159 690 tu
179 633 316 710 compresfi
337 629 436 693 Etrusci
455 632 615 707 quieverunt.
659 633 866 690 Tarentinorum

129 711 225 792 legatie,
241 732 333 790 pacem
348 709 492 790 petentibus
510 730 573 771 eum
589 712 701 772 libertate
717 732 748 772 ae
766 712 863 792 legibus

129 794 189 861 suis,
212 794 361 874 responsm
382 793 414 852 ab
431 793 518 852 senatu
532 795 582 861 estr
610 809 639 853 ut
650 795 759 854 redirent
776 813 864 872 quum

33 883 36 887 '
132 877 225 936 Fabius
235 876 323 936 consul
337 881 461 935 Romam
468 876 580 935 venilltt.
620 877 729 936 Ludi&
743 877 872 934 Romani·

134 963 162 1018 &
176 959 432 1035 plebejieuannuin
444 955 553 1036 singulos
573 959 627 1016 dies
638 958 775 1019 instaurati.
815 961 861 1016 AE-

131 1039 192 1100 diles
209 1039 305 1099 curules
322 1039 393 1097 fuere
416 1045 450 1098 L.
462 1038 596 1098 Cornelius
607 1041 742 1111 Caudinus
760 1046 788 1101 δι
804 1046 860 1100 Ser·

131 1122 188 1179 vius
207 1122 331 1200 Sulpicius
351 1119 446 1180 Galba:
475 1121 576 1197 plebeji‚
602 1122 637 1179 C.
655 1122 771 1180 Servilim
783 1127 810 1182 δι
822 1125 858 1195 Q,

131 1203 248 1262 Caecilius
259 1200 383 1263 Metellus.
414 1203 546 1263 Servilium
557 1203 684 1281 negabant
694 1200 751 1278 jure
762 1208 805 1262 aut
812 1204 858 1261 tri·

130 1285 230 1346 bunum
251 1286 328 1365 plebis
352 1283 434 1348 fuiffe,
459 1300 503 1344 aut
521 1283 698 1352 oedilemeffu
727 1287 797 1362 quud
813 1303 858 1360 pu·

128 1379 200 1425 trem
209 1370 274 1442 ejus,
294 1385 374 1446 quem
387 1369 553 1425 triumvirum
571 1366 700 1445 agrarium
715 1364 857 1441 occisumb

125 1449 197 1524 anis
210 1452 277 1508 circa
291 1448 421 1508 Mutinam
432 1446 497 1514 elle‚-
508 1448 599 1524 opinio
611 1467 656 1525 per
670 1449 766 1506 decem
778 1466 859 1521 annue

127 1529 219 1595 fuerat,
239 1533 331 1594 vivere,
351 1544 428 1607 atque
441 1531 468 1586 in
479 1529 594 1589 bostium
611 1531 734 1606 potestate
753 1532 805 1591 elle
820 1531 857 1590 sa·

128 1610 161 1667 tis
175 1612 313 1670 constabat.

71 1752 76 1761 ,
166 1695 256 1752 XXll.
274 1688 422 1753 Undecimo
432 1711 501 1751 anno
512 1694 603 1752 Punici
615 1692 671 1752 belli
693 1693 856 1755 consulatum

123 1774 233 1834 inierunt
246 1778 287 1835 Μ.
300 1776 432 1835 Mrrcellua
442 1773 565 1853 quintiani
578 1779 619 1850 (ut
632 1792 782 1837 numeretur
793 1796 858 1836 eone

122 1855 225 1922 sulatus,
243 1877 324 1935 quem
338 1859 402 1917 vitio
414 1873 510 1918 creatus
521 1877 576 1915 non
586 1857 675 1938 geffit)
687 1865 716 1917 br
731 1865 765 1918 T.
772 1861 859 1936 Quin·v

124 1939 175 1996 tius
191 1938 335 2019 Crispinus.
379 1942 491 2019 Utrique
511 1939 647 1998 consulum
669 1939 860 2000 ltaliadecreta'

122 2023 258 2096 provincia
268 2025 312 2088 est,
333 2027 362 2084 &
372 2022 432 2081 <luo
439 2020 574 2084 consulum
584 2022 677 2098 prioris
685 2023 747 2080 anni
760 2025 858 2081 exerei-

125 2106 366 2163 taeterrimum
385 2119 437 2163 erat
456 2104 579 2169 Venusiae,
608 2104 651 2162 cui
670 2104 858 2164 NbMarcellue

123 2186 267 2260 praefuerat.
287 2188 322 2244 ita
338 2203 366 2245 ut
377 2205 409 2244 ex
424 2186 503 2244 tribus
515 2185 636 2264 eligerent
649 2185 715 2242 duee
729 2207 796 2264 quus
805 2189 856 2246 vel·

123 2264 190 2324 lent:
210 2269 296 2325 tertius
307 2269 330 2324 ei
343 2270 487 2334 traderetur,
507 2269 549 2330 cui
563 2270 708 2326 Tarentum
727 2274 755 2328 δι
771 2271 856 2327 Salen·

121 2347 171 2404 tini
186 2350 318 2424 provincia
328 2349 454 2409 eveniss‘et.
494 2352 593 2407 Ceterae
608 2351 751 2425 provinciae
761 2352 797 2409 ita
816 2353 855 2409 di-

123 2426 184 2484 vifa'e
199 2428 355 2504 praetoribus.
393 2434 422 2486 P.
442 2432 543 2488 Licinio
559 2437 629 2488 Varo
645 2431 749 2498 urbana,
769 2436 800 2492 Ρ.
811 2435 855 2493 Li·

123 2509 193 2568 cinin
213 2509 302 2566 Ciallo
320 2510 437 2587 pontifici
455 2512 575 2568 maximo
594 2516 735 2591 peregrina,
760 2519 789 2574 br
801 2533 856 2595 quo

118 2588 218 2648 senatus
241 2591 384 2650 censuiffet:
423 2597 479 2650 Sex.
498 2592 568 2672 Julio
588 2594 793 2664 CaesariSieilia.
819 2591 855 2677 Q

120 2671 229 2728 Claudio
243 2671 353 2729 Flamini
362 2677 514 2732 Tarentum.
554 2670 853 2757 Promgatumsimpeti.

118 2772 168 2810 um
187 2755 213 2810 in
227 2773 325 2812 annum
337 2757 374 2812 est
387 2756 520 2832 QFulvio
532 2753 632 2822 Flacco,
650 2764 852 2834 utprovineiam
896 2828 897 2833 .

114 2837 250 2921 §apuam
269 2838 482 2921 quae13Quintii
493 2839 706 2924 pratorirluerat,
721 2861 785 2901 cum
799 2863 853 2904 una

748 2923 852 3004 legione

97 3126 200 3230 t
