1814 3316
129 296 170 368 at
343 276 625 347 mnrvrr

128 414 192 457 curn
211 392 311 453 bostare
329 394 502 455 constitutum
516 408 579 458 erat,
607 392 666 451 atti
681 405 728 470 per
745 390 859 451 mntem

128 478 260 540 ordinem,
277 477 347 553 quasa
358 477 606 556 Cartluginiensrtnn
625 477 733 555 nomine
750 474 787 532 iic
801 492 862 552 age·

128 576 203 618 retur.
242 558 330 634 Major
352 557 481 637 eliquanto
500 562 685 616 Romanorum
711 557 792 636 gratia
811 555 864 619 soit

128 637 383 780 llil,
400 654 497 798 {tlt
508 637 864 799 sfffiufflug

130 803 222 861 condit
241 814 367 879 expertos,
384 804 487 862 lornano
503 808 531 862 δι
544 804 625 861 timor
639 799 864 879 ·mirig21sevidera'

128 898 239 962 poterat.
287 888 424 942 Romanus
446 885 540 961 ¹primo
562 884 682 947 adventu,
713 882 864 961 incognitus

129 980 199 1030 ante,
222 964 254 1022 ab
271 982 299 1021 re
317 966 440 1023 elementi
455 964 602 1041 liberalique
620 966 724 1021 initium
745 963 860 1020 fecerat:

131 1050 161 1106 δι
174 1045 278 1109 Abeloar,
297 1048 336 1103 vir
349 1048 467 1123 prudens,
484 1045 555 1103 baud
574 1046 664 1103 frustra
678 1044 809 1102 videbatur
822 1041 863 1100 so-

130 1128 187 1184 cios
198 1127 316 1184 mutilse.
334 1129 419 1205 itaque
431 1129 529 1205 ingenti
547 1126 669 1185 consensu
688 1126 863 1183 defectionem

131 1226 225 1264 omnes
238 1207 368 1285 spediurea
396 1222 518 1286 armaque
530 1208 662 1285 extemplo
675 1218 749 1265 mota
768 1207 862 1270 forent,

131 1290 161 1344 ni
174 1287 267 1350 hiems,
283 1308 341 1364 quae
354 1292 492 1347 Romanos
504 1309 609 1367 quoque
624 1294 652 1348 δι
666 1288 862 1367 Carthaginien·

130 1366 168 1426 ses
183 1369 322 1425 concedere
333 1371 361 1425 in
373 1372 440 1427 tebia
452 1373 548 1449 cob'git,
566 1370 741 1429 intervenisset.

173 1452 279 1508 XXIII.
295 1456 359 1508 Haec
371 1452 397 1508 in
405 1448 532 1529 'Hispania
543 1470 648 1529 quoque
661 1452 768 1509 secunda
778 1452 864 1510 testate

133 1533 224 1588 Punici
240 1531 296 1588 belli
309 1534 386 1610 gesta,
405 1552 487 1609 quum
503 1536 528 1591 in
545 1534 614 1591 ltalia
631 1532 768 1609 paullulum
784 1535 863 1590 inter·

132 1612 190 1668 valli
202 1612 312 1669 cladibus
325 1617 454 1670 Romanis
465 1614 541 1671 solers
554 1616 685 1671 cunetatio
701 1615 769 1671 Fabii
789 1612 863 1673 secis-

131 1690 188 1748 set:
215 1710 274 1767 quae
287 1703 317 1748 ut
331 1693 481 1750 Annibalem
502 1712 557 1749 non
578 1694 702 1748 mediocri
724 1690 863 1753 sollicitum

132 1790 192 1829 eura
206 1771 319 1834 lubebat,
339 1775 441 1830 tandem
455 1793 517 1830 eum
531 1772 628 1831 militia·
645 1774 799 1849 magistrum
819 1776 864 1834 de·

132 1851 218 1930 tegitte
238 1856 374 1910 Romanos
396 1868 553 1920 cernentem,
588 1854 632 1931 qui
653 1852 748 1912 bellum
764 1860 864 1916 ratione

132 1950 188 1990 non
203 1932 305 1990 fortuna
317 1944 413 2012 gereret
428 1959 434 1994 :
461 1938 496 1993 ita
511 1948 660 2013 contempta
678 1952 730 1995 enat
746 1940 813 1997 inter
828 1941 864 1998 ci·

132 2032 178 2072 ves
194 2028 306 2072 armatos
326 2016 418 2092 pariter
434 2016 592 2095 togatosque,
617 2020 707 2095 utique
725 2023 863 2101 postquam

132 2095 232 2153 absente
243 2116 285 2159 eo,
302 2098 445 2155 temeritate
459 2120 503 2157 ma
521 2100 573 2156 istri
585 2100 711 2176 equitum,
731 2099 799 2168 laeto,
821 2121 864 2161 ve-

132 2175 184 2235 riis
200 2178 318 2243 dixerim,
351 2178 431 2255 quim
451 2120 569 2258 prosimu
586 2194 688 2246 eventu,
717 2195 864 2265 pugnaturn

132 2258 224 2318 fuerat.
265 2261 424 2320 Accesserant
447 2264 504 2320 duae
517 2282 556 2321 res
578 2264 609 2320 ad
630 2264 772 2342 augendam
795 2266 866 2325 invi·

133 2341 204 2396 diam
222 2340 363 2400 distatoria.
390 2363 450 2408 una,
479 2344 566 2402 fraude
587 2364 618 2402 oc
637 2344 699 2401 dolo
716 2348 865 2409 Annibalis:

131 2418 200 2497 quoi
209 2439 293 2496 quum
304 2419 319 2477 i
334 2424 446 2501 perlegis
460 2426 483 2479 ei
495 2426 650 2483 monstratus
662 2442 721 2506 ager
733 2428 866 2490 dictatoris

132 2503 201 2565 effer,
223 2501 346 2558 omnibus
359 2505 424 2563 circa
438 2503 491 2561 solo
503 2508 614 2583 aequatia,
640 2508 672 2565 ab
690 2528 744 2568 uno
763 2525 796 2568 eo
814 2514 865 2571 fer-

132 2600 203 2657 rum,
216 2584 364 2661 ignemque,
387 2588 414 2645 bt
428 2587 482 2643 vim
497 2605 606 2647 omnem
620 2588 734 2649 hostium
746 2591 864 2652 abstineri

131 2662 212 2737 jussit,
243 2678 273 2722 ut
293 2666 390 2724 occulti
407 2666 513 2743 alicujus
531 2672 600 2747 poili
619 2690 648 2730 ea
663 2683 762 2732 merces
782 2676 864 2735 videri

132 2745 222 2821 posset.
246 2746 322 2804 altera
342 2749 418 2824 ipfius
437 2748 516 2815 sabio,
542 2752 627 2828 primrl
646 2756 750 2813 forsitan
774 2756 867 2823 (lubio,

134 2829 193 2901 maio
207 2846 259 2884 non
276 2830 417 2906 exspesiata
436 2833 463 2889 in
481 2850 513 2889 eo
535 2834 634 2893 senatus
653 2838 787 2895 nunnius
802 2840 864 2904 est,

133 2909 164 2964 ad
176 2924 323 2966 extremum
340 2911 406 2969 houd
421 2913 543 2993 ambigue
556 2919 583 2974 in
599 2920 741 2974 maximam
760 2916 862 2976 laudem

129 2989 214 3066 uerso,
234 2991 578 3075 inpermutantliscaptivis:
602 2992 679 3080 quod,
697 3000 763 3061 ficut
774 3003 862 3074 primo

757 3080 857 3143 Punico
