1814 3316
218 152 221 159 '
256 140 479 210 LIBER
518 140 632 213 XXII..
772 165 814 230 ²5

77 257 238 319 mammos,
249 257 448 333 excideruntque
459 269 586 332 praecepta
596 254 742 314 dictatoris:
763 256 818 334 qno

76 356 205 418 quantum
229 336 291 396 tuto
312 336 413 413 posset,
436 339 597 415 progreffum
617 335 685 414 priris
707 339 829 415 recipere-

75 421 123 481 sest
141 422 261 498 jusserat,
280 415 363 495 quam
384 419 411 474 in
429 419 598 495 conspeomm
615 418 730 477 hostium
748 420 821 476 veni·

75 519 121 563 ret.
162 499 296 559 Numidae
309 499 350 557 alii
365 512 440 576 atque
452 500 493 557 alii
507 499 669 558 occursantes
691 500 821 580 refugien-

77 584 172 663 tesme,
192 582 226 640 ad
241 582 322 640 castra
342 599 423 656 prope
442 581 527 658 ipsum
546 600 609 639 cum
625 580 773 660 fatigatione
790 602 820 640 e·

78 684 193 746 quorum
211 677 289 740 atque
302 660 445 735 hominurn
464 678 613 737 perunxere.
636 665 695 720 inde
711 664 821 730 Cartalo,

78 767 155 827 penes
166 763 253 824 quem
266 741 374 815 summa
385 744 505 820 equestris
517 744 618 821 imperii
630 762 690 806 erat,
709 747 821 803 concita·

78 829 192 906 tisequis
207 826 338 891 inretitus,
358 842 450 900 quum,
469 823 615 902 priusquam
629 826 822 897 adconjeetum

81 910 125 971 tui
135 911 242 973 senum
262 904 389 965 avertiss'et
395 905 505 969 hostem,
525 908 639 984 quinque
653 907 730 965 miliia
741 908 823 965 ferme

84 991 229 1054 continenti
243 987 319 1049 cursu
334 985 434 1045 stcutus
445 990 481 1045 cst
499 986 635 1067 fugientes.
676 993 825 1054 Mancinus,

83 1077 222 1152 postquam
237 1090 288 1130 nec
299 1069 401 1127 hostem
416 1069 529 1129 defluere
539 1070 615 1148 sequi,
638 1090 686 1129 nec
699 1072 771 1148 spem
783 1074 821 1131 vi·

86 1156 123 1214 dit
135 1151 279 1234 effugiendi
296 1151 363 1214 effe,
388 1150 535 1208 cohortatus
554 1151 626 1216 suos,
656 1155 682 1210 in
697 1154 822 1229 proelium

87 1237 172 1301 rediit,
189 1235 270 1293 omni
282 1249 354 1311 parte
368 1233 462 1289 virium
480 1234 572 1309 impar.
610 1237 699 1311 ltaque
711 1236 771 1311 ipse,
794 1240 823 1294 ὃς

88 1318 179 1376 delecti
187 1317 309 1395 equitum
322 1316 495 1373 circumventi
505 1315 666 1374 occiduntur.
692 1319 766 1374 ceteri
785 1314 825 1371 ef-

42 1422 44 1429 ’
91 1398 150 1457 iuso
166 1396 251 1456 rursus
261 1394 334 1455 cursu
347 1395 422 1453 Cales
440 1391 565 1471 primunr,
586 1397 645 1453 inde
656 1415 736 1473 prope
750 1396 825 1453 inviis

92 1479 196 1541 callims
209 1477 241 1537 ad
253 1478 405 1537 dioiatorem
427 1477 601 1555 perfugerant.
639 1482 679 1536 Eo
697 1476 764 1536 forte
784 1478 826 1535 die

92 1563 224 1622 Minucius
235 1559 261 1619 se
274 1560 445 1634 conjunxerat
456 1559 541 1621 Fabio,
563 1558 651 1616 miffus
668 1561 699 1618 ad
718 1562 824 1619 firman·

92 1645 154 1703 dum
177 1642 297 1720 praefidio
314 1641 418 1706 sutum,
438 1636 491 1717 'qui
511 1640 584 1717 super
598 1645 770 1709 Tarracinam,
796 1644 824 1700 in

91 1729 172 1785 aretas
189 1725 299 1783 cencius
311 1722 407 1787 fauces,
425 1722 546 1779 imminet
566 1724 640 1789 mati,
665 1745 706 1791 ne,
724 1729 825 1783 immu-

92 1811 149 1867 nito
164 1807 254 1885 Appiae
266 1805 358 1871 limite,
379 1806 478 1862 Poenus
489 1806 617 1882 perenne
626 1807 652 1862 in
665 1827 758 1887 agrum
770 1811 827 1863 Ro·

93 1908 204 1949 manum
224 1889 316 1965 poffet.
364 1887 521 1961 Conjunffis
544 1888 692 1946 crantibus
714 1891 827 1947 dictator

98 2049 487 2112 m

100 2149 167 2193 rant.

138 2219 215 2276 XVI.
237 2216 344 2275 Postero
365 2214 406 2274 die
425 2214 511 2278 Poeni,
537 2212 608 2292 quod
630 2215 678 2274 viae
697 2212 834 2276 interbina

103 2299 180 2358 nstra
192 2310 257 2363 erat,
275 2299 382 2378 agmine
394 2296 564 2373 complevere.
604 2301 694 2374 Quum
720 2300 835 2357 Romani

102 2379 147 2439 sub
162 2378 221 2458 ipso
236 2377 406 2439 coustitiffent
421 2377 493 2443 vallo,
515 2377 665 2437 hauddubie
677 2381 787 2458 aequiore
799 2380 837 2439 io-

96 2481 146 2528 ·co,
168 2462 288 2521 suceeisrt
309 2475 401 2520 tamen
421 2463 518 2518 Poenus
533 2478 595 2520 curn
614 2465 738 2538 expeditis
748 2461 840 2540 equiti·

43 2594 45 2613 ,
104 2542 161 2609 bur,
180 2556 258 2621 atque
270 2542 302 2600 ad
315 2541 486 2600 laceffendum
493 2541 595 2602 hostem
608 2546 727 2621 carptim,
745 2549 842 2622 &pro-

108 2624 234 2684 cursando
255 2623 455 2700 recipiendoque
477 2621 546 2689 sese,
570 2643 726 2703 pugnavere.
754 2627 844 2684 restitit

112 2705 158 2765 iun
170 2705 232 2767 ioco
243 2710 369 2765 Romana
379 2704 454 2763 acies.
469 2702 537 2764 lenta
548 2725 646 2784 pugna,
673 2711 700 2766 &
715 2726 747 2764 ert
764 2710 845 2765 ditia·

50 2846 56 2859 ,
116 2788 178 2846 torir
191 2792 279 2868 magis
292 2783 374 2865 quim
389 2783 517 2849 Annibalis
533 2787 583 2846 fuit
596 2789 735 2848 voluntate.
754 2791 850 2846 ducen-

49 2876 56 2924 ,·
116 2868 185 2928 tirb
198 2868 341 2934 Romanis,
359 2868 505 2950 octingenti
516 2867 632 2934 hostium
644 2871 765 2935 cecidere.
807 2867 853 2922 ln-

48 2966 54 3035 ξ.
158 2957 240 3029 vor..
257 2951 310 3013 ΙΙΙ.
497 2948 501 2953 ’
539 2954 561 3011 Β
783 2944 873 3009 cintus
