1814 3316
167 206 380 275 LIBER
415 206 545 275 XXlV.
682 226 738 293 177

47 304 150 363 rmriris
167 308 298 367 mensariis
310 308 359 365 elle
372 308 498 371 dixerunt,
517 324 547 369 ut
559 310 639 384 pretia
654 311 741 367 serro-

47 387 363 465 nacciperent.cete1irm
374 408 428 446 non
438 406 497 447 ante
507 388 586 468 quim
599 390 662 449 bello
673 411 740 449 con-

47 474 246 547 loacceptutoa
257 471 317 529 effe.
355 475 446 549 Qaum
460 469 517 531 haec
536 471 666 530 inclinatio
681 475 737 531 ani

47 569 113 609 rum
130 550 211 628 plebis
224 553 256 609 ad
273 549 466 609 filliinendam'
459 554 575 630 mopiam
595 555 673 611 aerarii
688 556 738 612 fie‹

47 634 195 711 ‚pecuniae
208 651 313 711 quoque
326 632 458 710 pupillares
473 632 567 709 primrl,
585 634 720 693 deinde'
695 655 735 692 vt·

47 732 113 773 rum
133 728 230 791 creptae
244 714 367 773 conferri:
388 712 515 790 nusquam
533 733 574 771 eas
587 712 665 773 tutirls
676 715 733 775 san·

47 792 425 875 isquedepmerecredentibus‚
439 792 644 872 quidelerebaot,
652 794 734 874 quim

52 876 151 957 publica
164 877 225 935 fide.
242 876 302 933 inde
316 876 335 933 fi
351 877 413 973 quid
430 893 549 953 emptum
565 893 737 954 paratumque

48 956 104 1035 ¹>illia
118 976 148 1016 ac
165 959 249 1017 uiduis
268 958 343 1021 foret,
363 956 518 1035 aquaellore
533 958 735 1033 perscribebatur.

48 1041 121 1101 navit
137 1056 166 1096 ou
185 1040 346 1115 privatorum
369 1037 509 1117 benignitas
524 1058 556 1096 ex
575 1042 637 1097 urbe
651 1042 730 1099 ctiam

48 1124 139 1183 attm
159 1136 258 1178 utnon
273 1138 358 1214 eques,
378 1138 433 1179 non
445 1122 562 1179 centurio
574 1124 730 1199 stipendium

48 1206 157 1283 lperenta
178 1203 413 1277 mercenariumque
427 1203 586 1279 increpantes
602 1219 734 1269 vocarent,

58 1282 203 1361 accepisset

48 1370 123 1429 xlx.
140 1369 178 1441 Q
191 1364 279 1423 Fabius
293 1362 382 1422 consul
395 1364 426 1421 ad
441 1362 581 1421 Casilinum
596 1366 673 1423 calita
687 1364 733 1423 lia·

48 1462 85 1515 at,
96 1448 168 1526 quod
180 1446 262 1503 duum
271 1445 381 1503 millium
390 1447 586 1521 Campanorum
597 1448 625 1504 bt
634 1444 733 1521 leptin-

48 1544 146 1591 ttorum
167 1527 282 1585 militum
306 1524 432 1585 Annibalis
453 1528 586 1585 tenebatur
607 1528 732 1603 prandio.

48 1628 110 1671 ierat
122 1610 217 1671 Statius
228 1610 333 1673 Metius,
350 1608 439 1666 miffus
452 1608 483 1667 ab
495 1610 546 1670 Cn.
561 1609 650 1687 Magio
661 1610 729 1668 Atel-

48 1714 83 1752 ιι
99 1694 147 1770 qui
166 1708 199 1746 eo
216 1708 287 1745 anno
308 1691 487 1749 Medixruticus
505 1689 731 1767 contentaque

48 1772 145 1851 plebem
163 1770 312 1847 promit'cub
325 1772 447 1835 armabat,
464 1788 493 1829 ut
510 1774 589 1830 castra
608 1775 730 1831 Romana

48 1858 137 1921 dcet,
157 1858 260 1913 intento
270 1851 372 1911 consule
382 1854 413 1909 ad
425 1852 564 1910 Casilinum
577 1870 731 1930 oppugnan-

48 1958 75 1998 o.
115 1936 189 1996 Nihil
207 1954 297 1995 eorum
314 1936 420 1993 Fabium
436 1933 532 1992 fefellit.
567 1936 655 2009 Itaque
671 1938 731 1992 No·

48 2044 53 2077 ι
67 2018 99 2077 acl
114 2018 240 2095 collegam
257 2016 346 2079 mittit,
366 2016 443 2073 altero
460 2017 580 2078 exocitu,
599 2016 666 2071 dum
678 2017 730 2072 Ca·

48 2117 104 2159 urm
122 2113 295 2177 oppugnatur,
314 2116 380 2173 opus
394 2095 451 2159 elle,
472 2099 517 2171 qui
530 2096 670 2170 Campanis
682 2113 729 2170 op·

48 2194 125 2241 ntur:
148 2180 189 2239 vel
203 2180 262 2257 ipse,
283 2178 373 2236 talibio
390 2176 466 2235 Nolae
482 2176 598 2251 praefidio
614 2175 731 2242 modico,

51 2263 115 2329 ltet;
137 2261 186 2326 vel,
205 2262 225 2317 li
239 2278 301 2318 eum
322 2258 390 2316 Nola
402 2274 506 2322 teneret,
524 2264 552 2317 ἃ
566 2257 676 2315 necdum
692 2258 730 2317 se·

48 2364 69 2403 κ
79 2362 122 2401 res
133 2344 166 2403 ab
178 2340 300 2401 Annibale
310 2341 397 2403 client,
414 2338 442 2397 se
453 2341 496 2399 Ti.
506 2339 657 2399 Graccltum
671 2360 733 2419 pro·

49 2424 135 2484 tsulem
156 2423 171 2483 l
190 2426 334 2481 Benevento
356 2422 509 2481 accitumm.
553 2428 614 2481 Hoc
634 2426 731 2481 nuncio

49 2504 145 2573 toellua,
165 2504 265 2564 duobus
278 2501 392 2559 militum
408 2502 522 2562 millibus
536 2500 612 2561 tiolae
623 2502 650 2559 in
665 2523 732 2580 pez·

49 2586 179 2651 oreliaia
197 2603 260 2645 cum
274 2598 359 2641 cetero
368 2588 479 2645 exercitu
491 2584 632 2642 Casilinum
644 2589 730 2653 reniti

49 2686 165 2747 cntuque
180 2669 237 2743 ejus
255 2666 382 2743 Campani
393 2669 450 2741 jam
464 2680 600 2723 moventes
613 2664 662 2723 sese
672 2669 730 2743 qui-

49 2768 116 2811 runt.
157 2752 198 2807 lta
215 2748 231 2805 l
249 2746 349 2805 duobus
367 2746 510 2807 consilibus
525 2745 666 2804 Calillnum
683 2768 731 2823 op·

215 2829 317 2888 mubi
328 2848 413 2907 quum
427 2828 509 2886 multa
521 2827 681 2886 succedenter
693 2842 732 2884 te-

49 2932 77 2999 re
49 2844 255 2975 wmoeolbum
233 2912 349 2973 Romani
361 2911 456 2969 ntilim
466 2910 610 2987 acciperunt
619 2903 731 2971 vulnera,

380 2996 448 3072 us
654 3004 745 3063 “ur
