1814 3316
137 117 140 122 ’
245 127 459 194 LIBER
499 124 643 192 XXVII.
749 147 812 212 4¹5

79 230 164 289 festus
176 230 207 289 ad
221 231 366 307 praesidium
380 229 536 295 AEtolorum,
559 231 629 306 quod
648 229 680 287 ab
692 227 758 288 Eleis
771 250 815 287 ac·

81 315 165 374 citum
188 327 375 389 acceptumque
399 313 426 367 in
446 311 537 369 urbem
563 325 623 375 erat,
651 311 819 386 ejiciendum.

82 394 214 472 Cycliadas
235 397 328 470 (penes
340 410 401 449 eum
414 390 518 451 summa
530 393 631 468 imperii
643 395 706 465 erat)
716 391 818 449 Achaei·

80 495 133 552 que
143 475 174 535 ad
186 479 288 551 Dymas
302 474 357 553 regi
368 492 519 532 occurrere:
543 478 571 532 &
586 472 706 533 Eleorum
719 470 819 532 accensu

81 557 151 621 odio,
162 555 232 634 qudd
245 554 259 614 d
273 557 361 614 oeteris
376 554 474 613 Achaeis
488 555 643 613 diffentirent
658 578 664 613 :
686 552 819 614 &infensi

80 637 182 702 AEtoiis,
201 656 269 714 quos
288 641 444 695 Romanum
465 655 571 713 quoque
590 635 707 693 adversus
718 636 743 694 se
756 654 816 693 mo-

80 720 143 777 viss'e
156 717 252 778 bellum
273 718 415 777 credebant.
454 717 567 775 Profecti
588 717 620 774 ab
632 718 731 793 Dymis
751 736 818 774 con·

80 801 176 875 iundto
198 802 312 867 exercitu
331 797 458 857 transeunt
480 799 607 858 missum
622 816 738 863 amnem,
771 797 819 876 qui

79 882 171 943 ultum
186 899 278 960 agrum
293 879 326 937 ab
336 885 444 956 Dymeo
456 880 562 939 dirimit.

122 965 241 1021 XXXII.
259 963 378 1020 Primum
400 962 480 1026 diem,
503 980 558 1039 quo
570 962 633 1020 fines
647 960 761 1018 hostium
776 960 818 1016 in·

33 1108 35 1113 ¹
81 1042 236 1124 greffisunt,
257 1042 404 1120 populando
418 1040 619 1120 absumpserunt·
661 1043 764 1100 Postero
777 1042 818 1097 die

82 1126 137 1185 aeis
150 1124 275 1183 instrutio
287 1125 318 1181 ad
336 1123 428 1183 tubem
440 1125 613 1191 accefferunt5
641 1122 773 1202 praeniffis
789 1141 818 1179 e-

80 1205 202 1284 quitibus,
222 1206 268 1283 qui
278 1205 451 1283 obequitando
465 1209 545 1282 portis
559 1222 713 1283 promptum
730 1206 760 1261 ad
774 1223 819 1263 ex·

83 1287 212 1347 cursiones
223 1305 305 1366 genus
317 1287 460 1346 lacesserent
469 1287 626 1346 AEtoiorum.
665 1285 820 1363 Ignorabant

81 1368 225 1446 Sulpicium
246 1387 309 1427 eum
327 1370 475 1446 quindecim
494 1367 601 1427 navibus
625 1367 657 1427 ab
678 1368 818 1443 Naupacto

81 1448 206 1527 Cyllenen
225 1450 368 1526 trajecisse:
396 1454 433 1514 &‚
459 1450 578 1526 expofitis
597 1450 625 1506 in
638 1465 732 1508 terram
755 1467 819 1525 qua·

81 1545 141 1591 tuor
160 1531 271 1591 millibus
282 1545 453 1594 armatorum,
472 1531 570 1589 filerrio
589 1533 682 1596 nodtis,
705 1549 738 1587 ne
754 1548 820 1588 con·

82 1609 145 1688 spici
157 1631 255 1692 agmen
264 1612 358 1689 posset,
377 1612 477 1679 intrdffe
490 1611 567 1672 Elim.
607 1616 697 1689 itaque
716 1612 817 1688 impro-

83 1691 136 1750 visa
146 1712 185 1750 res
197 1696 329 1773 ingentem
346 1695 436 1769 injecit
449 1709 582 1758 terrorem,
601 1697 737 1772 postquam
753 1695 819 1753 inter

82 1771 184 1835 AEtolos
205 1775 327 1853 Eleosque
351 1780 472 1833 Romana
494 1776 657 1854 signentque
678 1794 749 1832 arma
769 1795 817 1833 co·

82 1872 204 1933 gnouere.
243 1861 277 1915 Et
297 1854 385 1934 primo
403 1858 515 1933 recipere
539 1855 599 1914 suos
621 1854 733 1914 uoluerat
753 1873 817 1914 rexi

82 1935 151 2002 den,
171 1940 306 1997 tonnano
327 1940 382 2014 jam
404 1940 471 1995 iuter
484 1936 585 1997 AEtoios
605 1941 633 1996 δῑ
647 1936 745 1995 Trallos
765 1938 818 2011 (tl-

80 2015 208 2094 iyrinrum
229 2020 254 2076 id
275 2021 311 2077 est
330 2025 423 2099 genus)
449 2021 596 2084 certamine,
627 2037 711 2095 quum
734 2021 818 2096 urgeri

83 2099 177 2158 videret
196 2099 263 2166 suos,
290 2106 318 2160 δι
337 2101 390 2178 ipse
404 2121 448 2160 rex
468 2120 530 2160 cum
550 2100 664 2177 equitatu
683 2101 710 2155 in
723 2098 817 2157 cohor·

82 2192 139 2239 tem
162 2185 313 2240 Romanam
332 2184 447 2242 incurrit.
493 2181 532 2240 lbi
551 2200 640 2259 equus,
669 2179 722 2257 pilo
743 2180 818 2253 traje-

81 2261 151 2327 &un
169 2281 253 2340 quum
269 2261 415 2341 prolapsum
434 2284 480 2342 per
495 2278 571 2340 caput
586 2281 674 2342 regem
686 2260 819 2326 effudisset,

82 2356 155 2401 atrox
170 2362 257 2424 pugna
278 2347 410 2422 utrimque
430 2345 532 2405 ascend
546 2346 602 2409 ests
625 2343 699 2403 &ab
716 2347 818 2401 Roma-

81 2426 122 2485 nis
134 2427 237 2503 impetu
249 2428 276 2483 in
288 2444 374 2506 regem
390 2427 469 2493 fatto,
492 2432 519 2486 δι
533 2424 723 2505 protegentibus
735 2427 820 2505 regiis.

83 2507 188 2589 infignis
211 2514 239 2570 ὃς
263 2508 341 2586 ipfius
360 2528 447 2589 pugna
470 2511 528 2575 fuit,
555 2526 640 2586 quum
660 2508 735 2585 pedes
753 2509 818 2562 inter

83 2591 182 2667 equites
198 2592 304 2649 coaetus
321 2590 380 2648 effer
399 2592 521 2669 proelium
535 2591 607 2648 inire.
632 2588 721 2648 deinde
734 2604 818 2663 quum

80 2673 139 2746 jam
155 2672 239 2747 impar
254 2689 383 2731 certamen
396 2674 465 2738 cista,
485 2673 651 2749 caderentque
671 2672 736 2727 circa
756 2688 819 2725 eum

84 2749 162 2807 multi
176 2754 203 2809 &
223 2751 419 2819 vulnerarentur,
445 2768 532 2830 raptus
545 2752 577 2809 ab
591 2753 640 2810 suis
659 2764 735 2827 atque
749 2748 818 2807 alteri

83 2848 154 2911 equo
163 2829 285 2911 injudiua,
302 2834 378 2916 fugit.
417 2839 458 2895 Eo
471 2836 512 2895 die
525 2835 601 2894 castra
615 2834 728 2912 quinque
734 2829 821 2970 &illia

408 2921 425 2978 s
444 2935 462 2991 4
699 2932 732 2991 pa
771 2930 819 2973 um
