1814 3316
259 176 466 245 LIBER
507 172 650 240 XXVII.
753 193 812 257 417

80 311 136 350 ram
157 307 273 368 pugnam
293 289 415 346 fecerunt.
457 286 553 344 Attalus
567 303 611 341 rex
631 286 658 340 &
680 283 709 339 P.
727 278 808 354 Sulpi-

80 377 135 432 cius
160 372 261 451 AEginae
277 369 449 428 bibernirunt.
496 369 573 427 Exitu
593 365 670 438 hujus
694 363 754 418 anni
772 362 808 417 T.

79 455 201 532 Quintius
220 451 350 529 Crispinus
368 451 465 515 consui,
492 450 616 506 dictatore
637 445 805 503 comitiorum

77 535 250 611 ludorumque
268 534 444 591 faciendorum
465 529 547 589 cauffa
564 528 636 585 dieto
657 532 690 584 T.
709 524 808 584 Manlio

77 618 222 694 Torquato,
240 633 270 670 ex
281 615 384 672 vulnere
394 615 511 673 moritur.
531 610 572 669 aiii
586 611 698 674 Tarenti,
726 605 766 667 uit
780 607 809 664 in

79 699 226 772 Campania
235 711 372 773 mortuum
384 698 495 753 tradunt.
536 694 566 750 ld
578 693 648 768 quod
662 689 732 747 nullo
748 706 807 746 ante

78 775 144 836 bello
167 779 308 843 acciderat5
333 778 395 854 *duo
421 775 535 835 consules
561 773 614 830 stne
635 771 810 829 memorando

78 859 173 936 proelio
191 859 320 917 interfebti
339 858 408 915 velut
426 859 518 915 orbam
539 851 624 930 rempss
649 852 811 931 reliquerant.

80 942 199 1000 Dictator
219 939 331 999 Manlius
353 940 505 1017 magistrum
526 939 642 1014 equitum
664 939 808 1005 Caeservi-

80 1019 144 1080 lium
165 1026 234 1095 (tum
250 1022 325 1078 aedilis
336 1021 428 1078 eurulis
439 1026 501 1096 erat)
518 1021 590 1076 dixit.
629 1021 743 1084 Senatus,
753 1036 809 1096 quo

79 1103 120 1161 die
135 1100 252 1182 primum
265 1104 302 1160 est
320 1103 426 1167 habitus,
453 1102 526 1160 ludos
546 1121 656 1180 magnos
666 1103 750 1161 facere
770 1103 809 1159 di·

81 1186 208 1244 &ctorem
224 1183 313 1257 juffit:
350 1203 415 1260 quos
437 1189 475 1243 M.
487 1183 605 1241 AEmilius
621 1199 713 1259 praetor
731 1183 809 1247 urbis,

82 1266 117 1324 C.
128 1267 264 1329 Flaminio,
288 1268 340 1322 Cn.
355 1265 458 1322 Servilio
477 1263 628 1326 consulibus,
648 1266 757 1337 fecerntr
780 1272 809 1324 bt

82 1347 110 1404 in
127 1347 333 1426 quinquennium
352 1360 461 1404 voverat.
501 1349 574 1403 Tum
595 1346 704 1404 uitiator
723 1351 750 1404 ὃῑ
769 1346 808 1402 lu-

80 1427 129 1486 dus
141 1429 211 1492 fecit,
226 1435 254 1488 δι
268 1432 294 1484 in
307 1425 438 1504 insequens
448 1428 555 1485 lustrum
568 1429 648 1485 vovit.
678 1424 810 1493 Cetetbm‚

81 1527 165 1584 quum
180 1513 233 1569 duo
252 1509 390 1568 consulates
403 1511 525 1567 eiercitus
543 1525 597 1566 tarn
606 1514 695 1586 'prope
706 1510 808 1567 hostem

82 1590 137 1646 fine
158 1591 264 1650 ducibus
283 1591 369 1653 effent,
402 1592 524 1648 omnibus
543 1590 595 1649 aliis
613 1591 722 1657 omiffis,
761 1608 812 1648 una

80 1673 208 1748 praecipua
222 1693 281 1730 cura
295 1677 376 1729 Patres
389 1672 565 1751 populumque
577 1673 682 1736 incessit,
698 1673 811 1731 consules

80 1755 172 1828 primo
181 1772 282 1831 quoque
296 1771 413 1829 tempore
424 1757 523 1812 creandi
537 1778 543 1811 :
575 1760 601 1813 &
613 1771 642 1810 ut
656 1774 701 1809 eos
712 1756 810 1828 potiffi-

86 1831 163 1891 mrim
178 1852 297 1901 crearent,
315 1855 427 1913 quorum
448 1836 526 1893 virtus
545 1835 601 1893 fiatis
617 1850 673 1892 tuta
689 1832 704 1891 i
721 1836 809 1890 fraude

84 1917 182 1974 Punica
195 1917 255 1974 esset
267 1941 276 1984 3
298 1938 354 1975 eum
367 1932 417 1974 toto
430 1938 455 1973 eo
469 1917 528 1974 bello
541 1919 656 1990 damnosa
664 1931 810 1994 prepropeto

83 2017 114 2054 ac
127 1997 231 2075 fervida
243 1996 340 2072 ingenia
356 2001 530 2077 imperatorum
545 1999 637 2074 fusffet
662 2014 719 2054 tum
736 2019 760 2054 eo
774 2001 810 2076 ip·

75 2073 116 2156 so*
131 2100 194 2137 anna
212 2083 322 2156 eonsules,
354 2082 430 2136 nimia
453 2083 584 2158 cupiditate
602 2080 735 2154 conserendi
745 2098 811 2134 'cum

84 2159 144 2239 hoste
156 2182 269 2226 matrum,
290 2166 315 2218 ite
334 2162 519 2239 necopinatam
531 2161 653 2238 fraudem
673 2161 746 2237 lapfos
762 2161 813 2236 effe.

84 2240 191 2313 eetersirn
206 2253 268 2302 Deos
281 2245 438 2306 immortales,
460 2244 575 2320 miseritos
588 2246 688 2299 nominis
700 2244 812 2306 Romani.

81 2326 203 2404 pepetttffe
214 2328 316 2382 innoxiis
326 2324 470 2382 exercitibus
481 2351 489 2384 .·
504 2325 669 2383 temeritatem
683 2318 809 2399 consulum

83 2407 188 2484 ipserm
200 2405 317 2484 capitibus
332 2405 464 2483 tamntffe.

126 2488 257 2546 XXXIV.
275 2492 366 2563 Quum
381 2486 603 2567 circumspicerent
617 2489 710 2553 Patres,
736 2487 813 2565 quos·

83 2585 147 2627 nam
163 2569 276 2629 consules
296 2568 416 2631 facerent,
447 2568 524 2650 longe
537 2583 594 2627 ante
611 2568 672 2627 aiios
685 2569 813 2627 eminebat
840 2593 848 2604 ¹

85 2650 119 2708 C.
131 2648 252 2707 Claudius
269 2654 350 2708 Nero.
389 2650 420 2709 Ei
432 2650 529 2730 collega
543 2651 707 2728 querebatur.
732 2656 760 2709 bt
775 2653 813 2708 vi·

83 2748 145 2786 rum
157 2729 263 2805 quidem
274 2748 336 2788 eum
352 2734 485 2811 egregium
501 2731 644 2790 ducebant:
667 2730 707 2788 sed
723 2752 815 2808 protn-

84 2811 198 2886 ptiorem
217 2811 410 2891 acrioremque„
425 2812 505 2891 quim
521 2828 639 2890 tempora
657 2809 712 2871 beili
726 2818 814 2891 postu·

84 2891 173 2979 intent,
190 2905 236 2976 aut
249 2890 328 2981 bottis
343 2894 459 2956 arnnal.
475 2894 672 2976 temperandum
690 2914 746 2954 aere
759 2897 814 2969 ejus

403 2980 420 3035 s
440 2995 459 3055 5
742 2978 821 3053 ‘RQ-
885 2989 890 2998 ⁴
