1814 3316
86 253 128 335 3⁶
305 215 578 325 nnturt

82 363 123 421 tis
134 365 212 431 tieret,
232 364 360 425 tutandos.
399 366 507 442 Propior
523 361 630 427 inieci,
659 372 736 440 atque
749 362 816 440 ipsae

83 443 225 505 imminens
243 449 428 505 Romanorum
442 447 529 505 castris
546 442 663 504 tumulus
675 447 791 520 appatuit
804 465 816 501 :-

81 527 115 582 ad
127 546 205 603 quem
216 528 368 605 capiendum
381 528 401 584 fi
412 527 469 586 luce
478 527 562 605 palam
573 528 657 591 iretur,
665 526 726 603 quia
741 524 814 583 haud

82 605 159 667 dubie
171 609 251 668 hostis
268 609 381 668 breviore
399 610 441 667 via
458 625 631 686 praeventurus
647 620 710 671 erat,
732 607 814 664 nobie

83 686 152 746 ciam
171 691 241 749 miisr
257 692 383 749 Numidae
400 704 532 765 oeperunt.
563 708 629 766 quos
644 701 761 747 tenentur
773 686 813 747 lo-

83 787 148 827 cum
175 785 328 849 contempta
359 773 486 848 paucitate
508 772 624 828 Romani
647 771 750 847 postero
769 768 813 826 die

82 868 168 928 quum
181 854 319 929 ejecissent,
339 854 385 930 ipsr
398 851 430 910 eb
441 851 595 911 nansfmunt
610 854 696 910 castra.
735 856 812 910 Tum

82 933 170 1012 itaque
180 952 208 994 ut
224 937 349 1014 exiguum
360 933 430 1010 spatii
446 933 540 992 vallum
558 931 655 991 italio
668 933 761 997 aberat,
781 936 813 990 δι

82 1013 110 1071 id
127 1017 211 1092 ipsum
225 1030 314 1075 totum
326 1034 406 1092 prope
420 1014 591 1091 compleverat
601 1018 723 1072 Romana
738 1015 812 1077 aciet,

82 1095 160 1155 stmul
171 1103 200 1156 bt
217 1116 263 1174 per
281 1098 364 1154 aversa
377 1098 455 1154 castra
468 1094 483 1153 ὲ
496 1096 581 1153 castris
597 1095 727 1154 Annibalis
739 1096 812 1173 equi·

81 1191 158 1244 tatus,
176 1197 239 1237 cum
253 1178 301 1237 leti
313 1192 437 1236 armatura
448 1178 552 1234 emiss'us
568 1178 596 1233 in
607 1177 813 1241 frumentatores,

80 1256 131 1317 late
149 1263 245 1319 caedem
267 1261 410 1337 fugamque
429 1258 544 1317 hostium
563 1258 707 1335 palatorum
728 1259 812 1316 fecit:

26 1344 28 1349 ’
80 1358 131 1398 nec
148 1344 202 1401 acie
219 1353 315 1400 certare
330 1338 437 1398 Annibal
447 1340 538 1404 ausust
566 1342 626 1417 quio
637 1355 706 1399 tanta
724 1341 812 1417 pauci·

80 1434 134 1480 tate
156 1426 200 1483 vix
212 1424 299 1501 castra,
328 1424 348 1480 fi
365 1436 582 1500 oppugnarentur,
609 1424 684 1482 tutati
704 1436 812 1500 poterat.

81 1506 195 1585 Jamque
216 1504 310 1564 artibus
327 1504 396 1563 Fabii
418 1523 474 1580 patr
496 1504 620 1562 exercitus
638 1504 729 1569 aberat,
753 1503 809 1578 jam

81 1588 166 1645 ferme
185 1588 295 1646 sedendo
316 1591 343 1645 δε
360 1586 508 1643 cunCtando
530 1584 623 1641 bellum
641 1586 751 1661 gerebat,
771 1604 810 1641 re·

82 1682 231 1745 ceperatque
249 1666 307 1722 suos
327 1669 355 1722 in
365 1667 448 1739 priora
461 1665 546 1726 castra,
566 1680 625 1738 quae
640 1682 689 1739 pto
702 1667 813 1723 Geronii

80 1749 214 1806 moenibus
232 1759 314 1804 erant.
360 1732 430 1823 Justa
451 1762 554 1821 quoque
571 1744 633 1807 acie,
664 1748 692 1803 δι
713 1745 812 1805 collatis

79 1831 159 1909 signis
177 1830 339 1891 dimicatum,
367 1826 472 1903 quidam
495 1825 612 1882 aubiorcs
627 1825 694 1884 sunt.
720 1828 811 1902 primo

79 1911 206 1970 concursu
230 1915 345 1968 Poenum
369 1906 448 1983 usque
468 1908 499 1965 ad
519 1907 595 1964 castra
621 1905 720 1973 fusum,
750 1908 811 1967 inde

79 1995 214 2070 eruptione
232 1991 302 2049 fabia
319 1987 423 2066 repentti
440 1987 541 2046 versum
563 2002 684 2047 terrorem
704 1992 732 2047 itt
751 1994 810 2049 Ro·

79 2094 196 2133 manos:
224 2075 346 2133 Numerii
365 2071 468 2129 Decimi
481 2071 603 2130 Samnitiu
620 2072 711 2131 deinde
731 2073 810 2131 intet-

79 2171 158 2218 ventu
171 2154 294 2236 proelium
310 2156 467 2215 restitutum.
508 2159 586 2211 Hunc
598 2154 743 2232 principem
762 2174 810 2233 ge·

79 2259 140 2298 nere
158 2241 292 2300 redivitiis
307 2257 359 2297 non
373 2237 478 2294 iioviatti
491 2233 579 2301 modb,
606 2237 747 2300 undeerat,
767 2236 809 2295 sed

78 2336 139 2379 toto
152 2324 267 2384 Samnio,
285 2321 353 2395 juffu
366 2318 496 2376 dictatoris
507 2319 572 2373 osto
589 2318 667 2376 miliia
681 2320 809 2395 peditum,

80 2407 109 2461 δι
121 2403 219 2479 equites
234 2401 265 2456 ad
284 2402 440 2475 quingentos
455 2399 592 2454 ducentem
616 2400 642 2455 in
660 2402 747 2465 castra,
775 2400 811 2459 ab

78 2494 154 2562 tergo
172 2498 257 2559 quum
281 2478 429 2556 apparuisset
455 2477 578 2543 Annibali,
606 2476 718 2556 speciem
741 2481 808 2556 parti

78 2567 180 2641 utrique
192 2558 320 2638 praebut'ffe
333 2560 395 2616 novi
411 2558 518 2623 subfidii.
536 2573 663 2638 tanquam
682 2561 760 2621 Fabio
774 2561 808 2621 ab
826 2594 831 2600 ·

78 2650 168 2705 Roma
183 2644 308 2709 veniente,
330 2640 480 2698 Annibalem
491 2641 635 2700 infidiarum
648 2662 752 2720 quoque
763 2642 808 2703 ali·

78 2728 139 2804 quid
161 2729 299 2785 timentem
324 2722 443 2799 recepisse
462 2722 540 2780 suos:
569 2727 723 2782 Romanum
741 2723 808 2783 inse·

79 2821 171 2869 cutum
191 2808 327 2883 adjuvante
344 2806 458 2862 Samnite
478 2804 533 2861 duo
544 2804 639 2864 castella
655 2823 688 2863 eo
705 2805 746 2862 die
760 2825 806 2864 ett-

78 2891 218 2973 pugttiiie:
244 2887 286 2947 sex
307 2887 387 2948 millia
402 2886 520 2946 hostium
539 2884 609 2955 caefi,
634 2887 748 2965 quinque
762 2889 806 2946 ad·

245 2968 248 2972 ⁵
690 2970 805 3034 modum
