1814 3316
270 112 482 204 ιρι-ΒΜ
523 132 638 204 xxv.
755 159 815 227 217

78 242 192 323 §noque
203 240 232 299 io
243 238 363 318 Hispania
373 239 517 320 legatorum
533 241 600 319 regie
620 240 745 300 adventus
761 264 819 303 ma·

81 343 140 407 gno
152 323 338 383 emolumento
347 322 406 381 fuit.
422 340 534 399 mmque
556 323 586 379 ad
606 325 706 382 lamam
725 345 819 387 eorum

82 406 248 465 mundone
269 402 362 462 mebroe
380 404 414 463 ab
436 403 557 461 Numidis
570 422 663 482 coeptae
676 407 737 464 fieri.
780 413 831 469 lta-

85 506 151 547 ornr
189 484 308 564 Syphace
337 486 467 543 Romanis
503 486 596 561 juncia
626 488 738 547 amicitia
773 495 820 551 est.

85 568 166 647 Quod
187 568 235 626 uhi
255 565 476 646 Carthaginienses
497 585 668 643 acceperunt,
689 572 822 649 extemplo

84 650 118 709 ed
137 647 246 714 Galam,
273 650 302 705 in
318 664 389 725 parte
407 647 483 706 altera
503 647 636 705 Numidia
653 652 772 728 (Maliyla
791 674 822 713 ea

85 748 151 813 gena
164 732 286 803 rocatru)
297 742 457 808 regnantem,
477 727 574 805 legatos
586 731 705 789 mittunt.

127 814 231 873 XLIX.
252 809 580 871 FiliumGalaMafioiffim
593 811 706 876 babebat,
722 813 826 891 septem

88 898 120 956 δι
131 894 223 955 donem
234 910 317 950 annos
328 908 426 952 natum.
447 889 561 950 ceterum
573 895 696 970 juvenem
708 915 737 953 ea
747 899 822 955 indo·

88 973 123 1042 ie,
144 990 175 1034 oe
188 976 242 1052 'pm
260 987 321 1031 tum
337 988 475 1050 appareret,
500 972 573 1032 latius
592 994 701 1056 regnum
716 980 823 1056 opulen·
892 978 896 993 '

90 1054 198 1136 eiusque,
210 1052 293 1134 qnlm
307 1054 447 1130 accepisset,
459 1053 600 1116 fabiorum.
640 1061 738 1138 Legati,
757 1082 822 1140 quo·

35 1176 47 1205 ;.
88 1140 161 1198 niam
181 1136 288 1215 Syphax
308 1134 332 1193 se
354 1139 482 1194 Romanis
502 1137 630 1212 junxisset,
651 1158 680 1198 ut
694 1147 824 1218 potentior

35 1210 46 1283 f
86 1220 208 1281 socieme
228 1234 321 1277 eorum
339 1217 454 1276 adversus
471 1237 543 1296 reges
559 1218 716 1298 populosque
730 1226 824 1285 Africae

34 1334 45 1367 ,-
88 1302 158 1366 ell'et,
177 1302 284 1364 docent,
305 1299 395 1358 melius
408 1299 464 1357 fore
479 1300 551 1359 Galae
565 1321 670 1377 quoque
690 1307 824 1385 Coniugi·

88 1383 219 1442 nienfibus
235 1383 313 1461 jungi
332 1383 538 1458 quamprimum,
565 1399 701 1457 antequam
720 1388 824 1462 Syphax

87 1466 117 1523 in
130 1463 293 1542 Hispaniam,
313 1476 357 1521 aut
372 1463 492 1522 Romani
502 1463 530 1518 in
549 1463 663 1522 Africam
684 1466 826 1528 transeant:

87 1547 206 1624 opprimi
227 1545 381 1622 Syphacem,
410 1543 536 1600 nihildum
559 1559 649 1623 prater
672 1567 771 1608 nomen
791 1569 824 1611 cx

90 1627 191 1688 toeoee
201 1630 328 1684 Romano
339 1625 485 1689 habentem,
504 1627 584 1703 polio.
630 1629 710 1690 Facile
726 1634 781 1709 peri
812 1666 826 1679 -

89 1710 150 1769 sum
168 1706 250 1773 Gaio,
275 1707 329 1766 filio
346 1706 496 1786 deposcente
518 1709 544 1767 id
564 1709 668 1778 bellum,
686 1730 715 1772 nt
730 1718 825 1775 exerci-

89 1806 151 1852 tum
170 1793 300 1848 minuet:
332 1791 386 1865 qui,
416 1788 665 1869 Carthaginiensium
683 1792 825 1872 legionibus

90 1871 254 1949 conjunctis,
272 1888 371 1949 magno
384 1871 476 1948 proelio
488 1872 632 1949 Syphacem
645 1875 746 1934 devicit.
766 1879 827 1937 Tri-

90 1957 167 2034 ginta
191 1952 271 2011 millia
290 1971 323 2009 eo
343 1951 435 2027 proelio
454 1952 594 2012 hominum
614 1954 675 2014 caesa
697 1958 827 2018 dicuntur.

91 2034 198 2112 Syphax
214 2052 278 2092 cum
291 2034 376 2111 paucis
392 2034 519 2110 equitibus
537 2037 564 2092 in
587 2038 729 2095 Maurnfioa
749 2059 780 2096 ex
799 2060 827 2098 a·

93 2119 133 2175 cie
154 2114 286 2173 Numidas
309 2116 427 2186 (extremi
453 2134 533 2192 prope
552 2122 688 2175 Oceanum
711 2120 828 2179 adversus

93 2198 188 2255 seteis
200 2195 302 2269 colunt)
312 2194 424 2274 refugit:
450 2195 659 2274 affluentibusque
679 2201 709 2256 ad
727 2202 826 2263 famam

94 2279 151 2352 ejus
164 2278 277 2353 undique
290 2274 406 2341 barbarie,
423 2277 539 2354 ingentes
558 2276 627 2335 breui
642 2284 728 2357 copias
744 2303 826 2343 arma-

94 2362 147 2425 vitt
167 2377 234 2416 cum
247 2357 339 2435 quibus
350 2368 486 2434 antequam
502 2360 528 2415 in
541 2357 699 2437 Hispaniam,
718 2370 828 2443 angusto

91 2442 252 2515 diremptam
266 2439 343 2503 freto,
360 2439 494 2512 trajiceret,
513 2440 637 2501 Masiniffa
653 2463 714 2503 cnm
730 2450 830 2508 victore

93 2522 210 2581 mereim
228 2520 340 2579 advenit.
374 2521 443 2597 isque
463 2520 578 2579 ibicum
598 2525 713 2600 Syphace
729 2530 829 2605 ingenti

94 2604 178 2683 gloria
197 2621 242 2679 per
258 2602 292 2667 se,
315 2601 368 2657 fine
388 2600 443 2658 ullis
460 2602 707 2680 Carthaginienlium
728 2610 829 2684 opibus,

32 2754 35 2761 Ι
94 2685 172 2765 gestit
185 2683 292 2741 bellum.
331 2684 363 2739 ln
384 2681 501 2761 Hispania
518 2683 579 2741 nihil
600 2689 766 2747 memorabile
783 2708 830 2768 ge·

32 2766 35 2825 ἓ
95 2770 176 2831 ilum,
209 2781 378 2841 praetmquam
396 2764 464 2843 qudd
484 2763 642 2825 Celtiberum
665 2769 829 2842 juventutem

32 2834 35 2913 ξ
95 2848 188 2909 eadem
216 2846 353 2914 mercede,
392 2864 442 2925 qua
469 2847 544 2920 palia
576 2864 639 2928 cum
670 2851 831 2926 Carthagini·

156 2933 242 3009 yon.
255 2928 305 2989 111.
454 2930 548 3023 ιςΙ
729 2928 838 3008 enm-
