1814 3316
85 137 145 210 372
255 97 647 192 ·r.n1v1'‘121

122 239 171 295 VI.
187 235 317 299 Distator,
342 236 507 313 posteaquam
522 228 640 292 Romam
660 228 813 298 venit‚''Cn.

80 319 263 394 Sempronium
279 314 385 374 Blaesum
398 315 521 396 legatum,
545 333 626 394 quem
644 317 676 373 ad
692 318 811 392 Capuam

81 399 209 463 habuerat,
236 401 263 475 ln
287 400 416 457 Etruriam
438 399 598 476 provinciam
617 397 648 455 ad
670 397 810 455 exercitum

81 480 159 545 miset,
181 479 308 538 inlocum
324 483 357 538 C.
370 479 502 558 Calpurnii
514 479 644 558 praetoris:
674 497 767 556 quem,
784 478 832 543 ut',

82 562 179 636 Capuae
195 563 366 639 exercituique
386 560 433 620 suo
459 561 579 638 praeesset,
613 559 815 620 literia‘excivit.

82 641 139 718 Ipse
155 645 271 708 comitia,
295 645 323 701 in
336 662 416 721 quem
436 644 506 700 diem
519 639 635 720 primbm
649 642 745 717 potuit,
765 641 816 699 edi·

84 725 141 782 xit:
160 746 227 804 quae,
246 728 385 784 certamine
397 727 462 783 inter
480 724 596 783 tribunos
612 722 815 800 distat'orcmque

83 806 191 882 injesio,
211 808 298 885 perfici
310 827 364 865 non
375 819 518 884 potuerant.
557 804 656 867 Galeria
672 805 816 885 juniorum,

42 928 45 933 -
84 907 142 964 quae
154 889 219 948 sorte
236 891 403 967 praerogativa
417 903 477 953 erat,
496 892 533 960 Q.
546 887 665 947 Fulvium
681 890 710 945 be
724 888 820 964 (Ην,

84 969 159 1027 bium
175 971 287 1028 consules
303 973 406 1030 dixerat.
430 970 574 1046 eodemque
594 969 650 1044 jure
665 983 765 1027 vocatae
778 967 816 1025 in-

86 1050 224 1116 clinissent,
242 1054 269 1108 ni
280 1051 376 1110 tribuni
388 1051 466 1129 plebis
478 1053 511 1108 C.
526 1055 555 1109 δι
569 1055 600 1109 L.
615 1047 758 1109 Arenniise
775 1050 819 1106 in·⁴

84 1145 123 1188 ter
142 1128 279 1193 aluissent:
308 1135 353 1210 qui
374 1151 456 1211 neque
476 1132 655 1210 magistratum
676 1130 818 1190 continuari

86 1211 111 1270 sa
160 1215 233 1274 civile
244 1216 293 1274 effe
310 1215 419 1291 ajebant.
439 1219 466 1274 δι
480 1213 566 1271 multo
582 1212 700 1271 foedioris
710 1210 819 1291 exempli

86 1315 150 1353 eum
163 1298 249 1375 ipsum
272 1299 350 1357 crecti
363 1297 408 1376 qui
426 1296 533 1355 comitia
545 1292 656 1353 haberet.
697 1294 821 1374 ltaqueli

31 1424 33 1428 .
85 1376 165 1437 suum
179 1400 279 1439 nomen
291 1381 401 1440 dieiator
413 1379 544 1456 acciperet.
571 1374 598 1434 se
611 1377 727 1435 comitiis
745 1378 821 1435 iuter·

88 1461 210 1521 cessuros.
227 1463 245 1518 fi
258 1462 367 1519 aliorum
380 1458 550 1538 praeterquam
568 1457 646 1535 ipfiua
662 1461 732 1518 ratio
746 1457 820 1516 babe-

86 1557 166 1605 retur,
191 1541 347 1601 comitii'sse
368 1560 471 1599 motam
492 1539 656 1600 nonfacere.
702 1542 821 1599 metator

88 1622 199 1680 caussam
215 1624 384 1682 comitiorum
397 1622 547 1680 auctoritare
556 1619 662 1687 senatus,
682 1620 822 1700 plebiscita

87 1705 261 1782 exemplisque
279 1704 415 1764 tutabatur.
440 1722 503 1763 nam
522 1703 690 1762 Cnscrvilio
709 1702 820 1768 consule,

88 1803 174 1861 quum
193 1789 226 1846 C.
244 1787 382 1846 Flaminius
404 1785 463 1844 alter
482 1782 570 1845 consul
586 1785 617 1842 ad
638 1786 819 1844 Trasimenum

88 1868 223 1933 cecidisset,
241 1889 272 1927 ex
291 1869 442 1927 audieritate
453 1856 560 1927 Parrum
575 1866 605 1924 ad
617 1865 718 1945 plebem
733 1866 821 1932 latum

85 1947 241 2030 plebemque
251 1950 363 2017 scivisse3
395 1964 435 2016 ut,
451 1951 536 2027 quoad
550 1945 644 2008 bellum
657 1951 686 2008 in
699 1948 772 2010 ltalia
785 1946 821 2006 es·

89 2030 137 2099 set,
155 2054 188 2092 ex
211 2036 240 2092 iis
257 2035 302 2111 qui
320 2031 434 2092 consules
454 2032 565 2098 fuissent,
591 2025 658 2109 quoe
676 2037 705 2092 bc
724 2032 822 2111 quoties

88 2116 173 2183 vellet,
192 2117 327 2177 reficiendi
341 2115 456 2176 consules
470 2113 565 2197 populo
584 2113 628 2190 jus
647 2113 720 2173 esset.
736 2131 821 2172 exem·

87 2196 216 2276 plumque
228 2219 286 2257 eam
306 2201 333 2258 in
349 2217 405 2258 rem
424 2199 450 2258 se
462 2197 552 2256 babere
564 2219 572 2262 ς
596 2209 669 2254 retus
688 2201 722 2256 L.
734 2197 834 2267 Postu·-

10 2334 12 2338 Α
89 2281 140 2334 mii
161 2281 271 2359 Megelli,
299 2282 354 2356 qui,
375 2279 483 2338 inteirex
507 2281 537 2337 iis
559 2279 674 2336 comitiis
693 2296 754 2357 quae
771 2273 821 2354 ipse

27 2370 31 2376 '
89 2357 221 2426 habuisset,
249 2361 337 2419 consul
356 2381 419 2419 cum
439 2363 472 2419 C.
488 2360 568 2440 Junio
589 2356 704 2418 Bubulco
729 2373 829 2418 creatus-

58 2489 63 2498 .
91 2440 169 2506 effet3
190 2460 277 2499 recens
291 2447 326 2520 Q
338 2442 424 2505 Fabii·
432 2443 478 2516 qui
491 2443 536 2500 sebi
549 2441 692 2500 continuari
710 2438 824 2500 consula

90 2537 160 2590 tum,
188 2523 236 2579 nisi
253 2523 279 2584 id
301 2523 371 2582 buno
392 2521 495 2599 publico
516 2525 596 2587 fieret,
618 2520 740 2598 profesti)
758 2539 823 2580 uuu-

90 2623 172 2682 quam
185 2605 258 2663 slsset.
296 2609 345 2664 His
358 2603 514 2666 orationibus
532 2622 616 2680 quum
632 2604 677 2662 diu
696 2617 824 2664 certarum

90 2689 160 2752 esset,
186 2685 318 2763 postremb
338 2690 372 2746 ita
390 2689 455 2746 inter
476 2686 629 2744 dictatorem
654 2704 685 2743 ac
708 2685 825 2744 tribunus

90 2770 222 2833 convenit,
240 2783 270 2828 ut
287 2788 328 2833 eo,
347 2771 417 2847 quod
436 2767 567 2827 censuisset
582 2766 692 2832 senatus,
712 2769 826 2829 liarenu.

87 2851 205 2912 Patribus
225 2854 251 2912 id
268 2865 379 2929 tempus
395 2850 536 2926 reipublicae
556 2849 640 2908 visum
661 2851 706 2913 est,
737 2865 769 2908 ut
780 2867 829 2926 pen

74 2951 190 3029 geues,
219 2943 249 3030 ὃς
270 2951 402 3027 teratu»
420 2931 530 3019 Quia
544 2931 643 3016 mlta
657 2931 849 3084 effi}

437 3134 460 3181 Q
