1814 3316
246 128 461 197 LIBER
494 127 608 197 XXII.
757 148 792 196 21

57 241 206 301 cundatote
223 236 344 318 segnem,
367 244 396 309 δι
416 252 491 299 cauto
508 239 644 304 timidum,
673 240 803 318 affingant

58 325 134 385 vicina
153 322 299 381 virtutibus
321 322 402 387 vitia,
428 322 611 401 compellabat:
644 324 802 399 premendo-

54 425 164 486 tumque
184 404 353 483 superiorum
374 418 428 463 arte
449 410 520 484 (quae
537 404 645 484 pessima
663 424 704 463 ars
722 407 804 464 nimir

54 489 178 569 prosperis
189 484 343 548 multorum
360 486 513 549 successibus
525 488 617 565 crevit)
631 485 683 548 sese
696 488 802 569 extollef

91 656 172 723 xm.
195 651 313 712 Annibal
329 671 363 711 ex
380 652 492 729 Hirpinis
505 652 533 710 in
549 653 688 711 Samnium
705 654 803 721 munt,

56 738 270 801 Benevmmnum
283 732 454 814 depopulatur
469 753 572 815 agrum.
610 734 739 795 Telesiam
757 756 801 795 ur·

55 818 113 881 bain
136 820 222 898 capit:
250 820 333 877 irritat
355 818 436 876 etiam
458 818 491 874 de
511 810 632 877 industria
649 818 753 883 ducem,
779 819 799 879 fi

57 1003 115 1044 rum
135 984 275 1043 detrahere·
287 984 320 1043 ad
338 1002 444 1062 aequum
459 996 591 1043 tatamen
604 983 690 1065 possit.
731 988 802 1044 Inter

58 1068 256 1127 multitudinem
271 1066 405 1127 sociorum
418 1064 499 1126 Italici
512 1068 620 1147 generis,
641 1069 686 1146 qui
699 1068 802 1128 adTra·

59 1150 187 1208 timerium
203 1151 274 1227 capti
286 1149 319 1208 ab
333 1148 457 1208 Annibale
467 1149 613 1228 dimissique
622 1149 731 1215 fuerant,
749 1166 802 1209 tier

60 1234 185 1311 Campani
198 1233 299 1311 equitet
312 1248 394 1297 crant,
414 1232 502 1292 multis
516 1234 573 1309 jam
586 1244 646 1292 tuii'i
659 1232 736 1291 ittetti
752 1235 802 1291 do·

60 1315 94 1371 nis
104 1313 289 1394 promissisque
297 1314 428 1374 Annibalis
440 1317 470 1373 ad
487 1317 660 1375 conciliandos
674 1316 803 1392 populari·

60 1398 233 1456 um'animos.
249 1396 452 1462 binunciantea‚
478 1398 540 1456 siin
558 1400 731 1475 Campaniam
752 1417 806 1456 eii·

59 1479 169 1538 ercitum
185 1480 348 1546 admoviskt,
369 1483 468 1558 Capuae
478 1478 607 1557 potiendae
614 1482 718 1558 copiam
730 1478 801 1538 soret

60 1580 138 1639 quum
154 1581 196 1621 roo
209 1563 297 1639 major
309 1560 391 1641 quim
406 1565 523 1621 rudiores
535 1565 604 1628 effer,
622 1564 731 1623 dubium
746 1566 801 1622 An·

58 1644 179 1711 nibalem,
195 1642 349 1723 alternisque
362 1646 485 1705 fidentem
505 1667 536 1705 ac
560 1647 732 1711 diffidentem.
762 1658 803 1706 ta·

61 1744 116 1787 meti
131 1741 164 1788 ut
179 1729 336 1806 Campanos
349 1748 382 1787 eii
399 1730 507 1788 Samnio
522 1745 627 1808 peteret,
644 1744 798 1791 moverunt:

58 1810 226 1890 monitusque
242 1828 274 1870 ut
289 1812 370 1871 etiam
384 1824 462 1891 atque
482 1813 563 1871 ctiam
583 1814 706 1890 promissa
725 1813 802 1872 rebus

59 1892 240 1958 adfirmarent,
266 1894 398 1973 juffobue
412 1914 476 1953 cum
498 1895 612 1973 pluribus
627 1902 656 1956 &
674 1895 802 1973 aliquibus

58 1977 207 2054 principum
219 1977 302 2034 redite
313 1978 345 2035 ad
357 1977 390 2057 se,
399 1992 403 1999 ’
412 1978 518 2037 dimisit.
537 1976 589 2055 ipse
605 1980 716 2055 imperat
730 1979 803 2043 duci,

60 2070 90 2115 ut
103 2057 128 2114 se
142 2060 173 2115 in
186 2078 279 2139 agrum
295 2060 443 2118 Casinatem
453 2061 546 2118 ducat:
563 2061 673 2118 edostus
686 2059 701 2116 ὲ
714 2062 804 2134 peritia

60 2140 212 2219 regionum,
231 2142 325 2201 ficum
341 2141 434 2201 saltum
455 2143 611 2217 occupasset,
629 2142 731 2197 exitum
745 2144 803 2200 Ro-

61 2240 140 2281 mano
154 2222 188 2282 ad
201 2242 282 2303 opem
298 2224 430 2284 ferendam
443 2221 518 2283 sociis
529 2221 732 2282 interclusurum.
753 2224 803 2285 Sod

59 2306 189 2365 Punicum
210 2306 398 2367 abhorremus
417 2306 449 2365 ab
471 2307 626 2366 Latinorum
657 2309 802 2369 nominum

58 2387 207 2465 prolatione,
229 2409 279 2467 pro
291 2389 388 2449 Cafino
400 2386 543 2449 Casilinum
557 2390 611 2448 dux
625 2402 654 2447 ut
666 2390 802 2467 acciperet,

60 2470 135 2537 leciri
156 2472 308 2552 aversusque
315 2470 347 2529 ab
360 2471 405 2529 suo
416 2474 515 2536 itinere,
533 2492 579 2550 per
591 2470 740 2536 Allifanum,
749 2476 802 2531 Ca·

56 2548 227 2632 latinumque,
246 2560 275 2615 dt
290 2552 418 2612 Calenum
430 2574 533 2633 agrum,
553 2557 582 2611 in
596 2572 722 2631 campum
737 2554 803 2613 Stel-

59 2633 136 2694 latem
152 2638 293 2697 descendit.
313 2635 357 2695 ubi
377 2657 461 2714 quum
484 2637 618 2697 montibus
637 2633 803 2697 fluminibus·

60 2735 109 2794 que
126 2719 242 2781 clausam
263 2720 399 2798 regionem
421 2717 645 2797 circumspexisset,
675 2734 802 2778 vocatum

60 2799 153 2861 ducem
164 2804 360 2882 percunsiatur,
382 2802 427 2860 ubi
438 2816 564 2860 terrarum
577 2802 655 2861 esset?
681 2820 766 2878 quum
781 2802 804 2858 is

58 2883 163 2945 Casilini
182 2905 218 2947 eo
234 2885 278 2943 die
298 2882 451 2947 mansurum
470 2896 535 2963 =etiiri
545 2886 653 2953 intret,
675 2896 735 2942 tum
756 2881 802 2935 de·

730 2976 818 3023 ssim
