1814 3316
16 254 20 259 Ι
228 151 261 220 L
282 150 296 216 Ι
314 148 344 217 Β
361 148 390 217 Ε
410 150 442 219 R
473 149 587 222 XXII.
746 179 788 249 13

23 258 27 263 ’
44 259 224 324 iarn'tebantur
238 258 394 340 gurgitibus,
406 272 452 320 aut
464 263 640 340 nequicquam
655 261 711 323 feisa
727 270 793 329 rada

44 363 108 407 atro
121 340 264 426 aegerrimd
276 342 432 421 repetebant,
447 356 527 422 atque
540 343 576 402 ibi
586 346 619 403 ab
630 347 746 428 ingreffis
765 370 793 409 a·

44 448 123 510 quarn
136 429 260 487 bostium
272 425 400 505 equitibus
410 427 504 504 patiam
515 427 714 492 trucidabantur.
741 439 793 495 Sex

46 514 122 573 miliia
140 510 230 570 ferme
242 510 324 588 primi
343 508 465 588 agminis,
481 528 527 589 per
538 510 656 573 wasers
667 513 753 574 hostes
764 536 794 574 e·

48 595 299 673 ruptione-impigre
317 590 397 658 fasta,
418 593 424 605 '
475 592 637 653 riomnium
658 592 718 675 qnae
733 601 794 675 post

50 679 235 759 ieagerentnr,
254 695 286 733 ex
298 672 361 734 saltu
374 692 407 734 ev
459 696 483 735 e.
502 678 532 735 dt
544 695 630 755 quum
647 679 676 736 in
687 681 794 740 tumulo

49 763 167 840 quodam
185 757 367 823 coniiitiffeut,
389 757 533 817 clamorem
551 758 635 819 motib
647 774 680 820 ac
697 762 795 823 sonum

48 861 186 905 armomm
201 841 343 905 audientes,
358 858 417 921 quae
431 840 536 900 fortuna
547 860 643 923 pugnae
657 844 728 911 effer,
749 864 794 904 ne·

51 947 104 1006 que
115 926 187 991 scire,
201 942 253 984 nec
264 921 406 1001 perspicere
419 942 472 1002 pcae
483 922 592 1003 caligine
600 924 729 1001 permane,
751 931 796 988 ln.

53 1011 143 1069 clinata
157 1009 272 1086 deniqne
283 1024 325 1075 re,‚
342 1024 425 1084 quum
443 1004 609 1067 incalescente
625 1006 676 1068 'sote
690 1009 797 1090 dispuffi

53 1092 143 1152 nebtrla
154 1090 292 1170 aperuiffet
301 1088 383 1153 diem,
397 1103 457 1149 tum
469 1087 563 1168 liquida
575 1091 632 1167 jam
647 1091 706 1152 luce
717 1112 796 1153 mm.

53 1192 90 1235 tes
103 1175 244 1252 campique
254 1171 365 1250 perditas
375 1190 423 1237 res¹
435 1174 590 1250 stratamque
598 1175 731 1235 ostendere
743 1175 797 1236 foe·
861 1178 868 1185 '

56 1256 88 1318 di
104 1262 259 1316 Romanam
270 1254 363 1314 aciem.
382 1254 468 1332 itaque
482 1273 515 1312 ne
529 1257 557 1313 in
571 1256 726 1336 conspectos
737 1262 798 1337 pc'o·

56 1341 97 1401 cui
110 1340 296 1400 immitteretur
303 1354 391 1415 eques,
400 1336 501 1396 sublatis
510 1338 608 1413 raptim
617 1340 704 1418 lignis,
714 1338 797 1419 quim

59 1422 211 1483 citatiffimo
221 1434 339 1498 poterant
350 1420 467 1498 agmine,
485 1417 535 1476 sese
545 1418 720 1497 abripuerunt.
745 1426 799 1482 Pu·

57 1508 126 1566 stero
140 1505 189 1571 die,
207 1522 291 1581 quum
312 1500 387 1579 super
398 1514 483 1560 cetera
494 1515 608 1561 extrema
621 1505 704 1562 fames
718 1506 798 1565 etiarn
829 1506 832 1517 '

57 1590 168 1652 instaret,
189 1587 271 1646 iidem
291 1584 370 1643 dante
386 1582 539 1651 Maharbale,
565 1585 611 1664 qui
630 1606 691 1648 cum
711 1592 801 1649 omni.

58 1670 102 1730 bus
123 1668 283 1749 equestribus
294 1666 377 1744 copiis
390 1668 469 1726 nodie
481 1666 632 1728 consecutus
648 1686 710 1737 erat,
727 1673 808 1733 fiac·-

59 1774 102 1813 ma
114 1752 282 1816 tradidiffent
299 1749 369 1809 abire
382 1769 445 1809 cnm
459 1750 563 1830 singulis
573 1754 734 1812 vestimentis
744 1756 806 1834 pas.

58 1836 159 1902 finum,
182 1834 234 1894 sese
253 1831 412 1893 dediderunt.
431 1851 490 1911 quae
505 1836 600 1894 Punica
617 1836 740 1916 religione
752 1838 806 1898 sec.

61 1935 118 1979 vata
132 1920 198 1979 fides
214 1917 248 1976 ab
262 1913 386 1974 Annibale
395 1916 441 1982 est,
460 1930 536 1994 atque
552 1918 580 1977 in
595 1918 698 1977 vincula
709 1939 805 1981 omnes

61 2021 110 2061 con
123 2016 188 2062 ecit.

105 2023 172 2146 itu,
196 2087 259 2143 Haec
275 2083 311 2141 eti
334 2080 426 2141 nobilis
451 2081 484 2140 ad
507 2081 692 2140 Trafimenum
709 2100 807 2162 pugna,

67 2179 146 2246 atque
162 2166 228 2225 inter
247 2184 340 2242 pancas
357 2176 507 2222 memorata
519 2160 610 2238 populi
623 2163 742 2221 Romani
759 2165 810 2226 cla·

63 2252 117 2311 des.
156 2249 314 2329 Qindecim
331 2245 410 2306 millia
424 2249 609 2304 Romanorum
625 2244 652 2301 in
670 2248 725 2306 acie
747 2248 811 2310 can

66 2333 138 2393 sunt:
159 2333 253 2393 decem
266 2329 353 2396 millia,
370 2327 451 2405 sparsa
466 2328 531 2408 fuga
545 2345 591 2404 per
605 2346 715 2387 omnem
731 2335 810 2390 Etru.

65 2418 141 2482 ciam,
161 2416 268 2475 diversas
288 2412 418 2472 itineribus
439 2409 530 2469 urbem
548 2411 652 2485 petiere
691 2412 764 2471 Mille
782 2420 811 2474 dc

67 2496 384 2654 iiiiiissriiffiiiii
401 2489 663 2652 “initi-'isitii
678 2496 813 2658 titii

71 2664 140 2723 iadia
151 2665 260 2724 traditur
271 2662 304 2720 ab
316 2659 378 2719 aliis.
414 2662 483 2737 Ego,
503 2666 675 2736 praeterquam
689 2659 759 2736 qudd
773 2664 813 2719 ni·

75 2744 109 2804 bii
126 2748 250 2807 baustum
269 2763 302 2803 ex
318 2761 386 2802 vano
407 2740 495 2805 veiim,
517 2755 571 2818 quo
589 2743 670 2799 nimis
690 2743 814 2803 inclinant

76 2830 155 2889 ferme
174 2827 343 2889 scribentium
363 2821 453 2889 animi,
473 2820 581 2881 Fabium
602 2822 726 2902 aequalem
744 2838 813 2883 tem·

74 2912 181 2999 arba
198 2908 306 2995 aas
324 2906 383 2996 aaa
398 2904 566 2995 maara
579 2908 718 2994 asam
729 2904 827 3051 app
