1814 3316
35 41 46 91 l

35 174 38 185 -
159 130 623 203 'uruuuxxvi
746 139 803 221 361

76 249 148 310 niam
166 245 213 305 sabi
226 265 392 324 nequaquam
406 243 464 303 latis
486 245 611 306 facultatis
623 235 677 323 'pro
692 242 739 302 suo
757 248 814 303 aui·

76 351 136 396 mo,
158 344 239 409 atque
254 329 320 386 illius
334 347 394 407 erga
413 326 439 385 se
461 329 564 393 merito,
584 328 654 386 ell'et.
694 329 814 385 Parentes

76 413 137 472 inde
155 412 312 490 cognatique
333 411 438 489 virginis
455 409 580 487 appellati.
607 411 662 488 qui,
687 411 815 486 quoniam

77 510 158 646 gnatis
172 493 219 550 fibi
231 494 373 550 redderetur
386 493 470 569 virgo,
496 492 526 549 ad
542 511 620 569 quam
637 492 815 550 redimendam

118 578 139 633 's
151 593 282 653 magnum
295 573 429 632 attuliffent
441 574 496 630 auri
507 575 617 649 pondus,
632 592 703 631 orare
716 576 816 651 Scipio·

77 676 153 727 nem,
178 671 209 715 ut
227 657 252 712 id
273 655 306 712 ab
325 654 350 713 se
370 655 470 712 donum
491 656 625 732 acciperet,
659 671 817 731 coepemnt:

79 738 149 801 laud
167 738 300 795 minorem
319 737 377 812 ejus
394 739 431 794 rei
444 736 511 812 apud
532 737 557 794 se
576 736 683 814 gratiam
702 735 817 795 futuram

79 822 142 887 eliis,
159 819 328 886 affirmantes,
338 816 419 896 quim
434 818 536 874 redditae
550 817 675 875 inviolatae
688 816 755 876 foret
768 820 819 875 vir·

81 904 160 987 ginis.
199 902 295 980 Scipio,
320 901 422 978 quando
435 912 511 958 tanto
530 919 608 977 opere
628 916 747 976 peterent,
776 921 820 960 ac·

83 1001 225 1065 pepturum
242 982 269 1041 se
288 981 423 1060 pollicitus,
459 981 523 1058 poni
544 999 603 1041 aute
622 982 699 1058 pedes
722 983 820 1058 jussita

83 1058 235 1146 ubcatoque
248 1065 278 1122 ad
292 1063 432 1128 annucio,
448 1071 523 1142 Super
534 1065 623 1130 dorem,
635 1066 727 1141 inquit,
740 1085 821 1145 quam

87 1163 233 1228 καρῆναι
248 1144 268 1204 >r
280 1149 405 1224 formes,
426 1144 474 1204 hac
488 1144 568 1205 tibia
589 1167 630 1204 me
650 1148 741 1205 dotalia
759 1150 823 1208 dona

85 1233 218 1291 malm:
246 1247 389 1306 aurumque
408 1228 504 1293 tollere,
530 1248 561 1286 ac
574 1228 619 1284 fibi
637 1227 727 1286 habere
742 1232 824 1306 jullit.

87 1314 137 1374 His
154 1311 226 1369 laetus
250 1310 324 1368 donis
345 1307 532 1386 honoribusque
560 1309 676 1366 dimissus
699 1312 824 1376 domum,

88 1393 209 1470 implevit
223 1391 357 1469 populares
369 1390 482 1448 laudibus
496 1390 595 1447 meritis
606 1391 751 1465 Scipionis:
771 1398 825 1450 Ve-

88 1476 155 1539 niffe
167 1475 225 1533 Diis
243 1473 403 1537 [imillimum
418 1472 541 1548 juvenem
557 1493 565 1535 ;
594 1472 743 1530 vincentem
763 1492 826 1530 om·

90 1558 144 1629 nia,
168 1573 232 1615 eum
250 1556 338 1620 armis,
370 1569 430 1614 tum
451 1552 606 1632 benignitate
630 1573 660 1611 ac
688 1553 827 1615 beneficiis.

91 1643 182 1717 Itaque
194 1635 294 1695 delediu
307 1635 438 1695 clientium
452 1634 548 1702 habito,
567 1654 630 1693 cum
642 1635 744 1695 deledlis
757 1636 827 1695 mille

91 1727 124 1803 ¹&
137 1720 327 1799 quadringentis
339 1718 464 1797 equitibus
478 1720 544 1777 intra
556 1738 652 1797 paucos
662 1719 715 1777 dies
728 1722 759 1778 ad
772 1721 827 1799 ⁵⁶1ss

91 1801 201 1881 pionem
213 1801 324 1860 revertit.

135 1886 182 1943 LI.
203 1884 289 1960 Scipio
301 1896 430 1941 retentum
449 1879 535 1940 secum
551 1879 667 1946 Laelum,
688 1879 752 1939 dum
768 1879 829 1960 cap'·

94 1960 166 2037 rivos
178 1962 361 2042 obsidesque&
375 1954 535 2040 praedam‘ex
551 1962 656 2022 consilio
676 1963 731 2036 ejus
744 1965 829 2041 dispo·

97 2060 178 2112 neret,
190 2045 248 2105 latis
260 2045 380 2105 omnibus
394 2045 553 2123 compofitis‚
564 2045 621 2103 data
634 2044 829 2125 quinquereme,

96 2128 254 2207 captivisque
269 2121 423 2207 Magone&
439 2127 588 2206 quindecim
601 2125 655 2182 fere
669 2125 832 2194 senatoribus,

100 2214 146 2293 qui
161 2208 240 2269 limul
257 2227 319 2268 cum
333 2229 366 2267 eo
381 2211 450 2287 capti
460 2224 545 2282 erant,
567 2208 594 2264 in
611 2225 704 2264 navem
724 2209 834 2286 imposi-

99 2296 142 2357 tir.
162 2294 290 2351 nuncium
305 2291 420 2349 vidioriae
435 2295 552 2349 Romam
564 2289 654 2347 mittit.
675 2289 727 2367 ipse
738 2311 835 2367 paucos

74 2428 89 2441 ,
103 2375 163 2440 dies,
181 2372 275 2452 quibus
290 2373 385 2431 morari
399 2372 553 2452 Carthagine
571 2373 696 2437 statuerat,
715 2393 835 2433 exercen-

102 2456 141 2517 dis
154 2453 283 2515 navalibus
294 2452 496 2531 pedestribusque
507 2455 588 2532 copiis
602 2451 749 2531 absumplit.
781 2459 837 2517 Pri-

37 2596 39 2605 ,
105 2556 153 2597 mo
167 2537 208 2595 die
221 2537 335 2616 legiones
355 2534 382 2590 in
401 2537 478 2592 armis
496 2551 604 2614 quatuor
623 2537 733 2594 millium
756 2537 838 2615 spatio

104 2620 288 2679 deemrerunt:
314 2616 426 2674 secundo
446 2616 487 2675 die
507 2636 579 2675 arma
598 2636 684 2676 curare
699 2623 839 2698 &tergere

107 2714 167 2761 ante
179 2698 290 2759 tentoria
303 2697 396 2773 jussit:
423 2700 498 2757 tertio
514 2699 555 2755 die
571 2698 675 2757 rudibus
694 2701 759 2757 inter
774 2701 798 2758 se
813 2706 841 2760 in

107 2782 221 2841 modum
243 2781 315 2856 justae
337 2799 430 2861 pugna
449 2795 642 2848 concurrerunt,
665 2780 844 2860 praepilatisque

152 2868 228 2923 voa.
248 2863 300 2922 111.
501 2865 537 2940 Q
744 2864 842 2923 millili·
