1814 3316
201 159 241 245 58
410 160 679 231 T.Llel

201 282 234 322 eo
247 266 287 324 die
298 264 331 326 td
341 264 475 326 dominos:
495 270 649 346 quidedudbi
661 261 692 326 ad
704 260 818 327 coniitles
829 264 900 328 elenu

201 349 279 412 ciant,
296 368 407 407 omnem
422 352 563 409 exercimm
578 351 705 408 Annibalis
715 366 783 407 trans
792 353 907 429 proxim

64 451 65 464 ¹
137 490 142 497 ,
201 448 306 488 montes
320 432 440 489 sedetein
453 432 555 490 insidiis.
590 436 695 491 Horum
712 448 874 509 opportunus
886 452 907 489 a=

202 510 417 570 tentusconsuies
429 513 532 590 imperii
543 528 660 591 potentes
676 512 746 577 fecit,
773 530 858 591 quum
884 542 907 565 m

201 590 266 649 bitio
276 592 375 653 alterius
389 592 460 653 suam
478 593 592 672 prirntim
616 596 683 674 apud
695 614 740 653 eos
753 614 830 671 prava
847 596 884 644 '··
906 613 907 641 l

198 676 285 751 gentia
297 678 456 752 majestatem
467 674 584 737 solvisset.

241 758 342 816 XLIII.
365 756 478 821 Annibal,
496 760 659 835 posteaquam
674 770 762 815 motos
781 757 867 836 magis
905 788 907 806 ι

199 836 314 898 consulte
325 842 470 903 Romanos,
489 838 568 916 quim
582 840 612 896 ad
626 839 748 895 ultimum
761 854 860 897 temere
870 852 903 896 ev

201 920 268 983 etos,
285 921 356 983 vidit,
381 923 551 999 nequicquam
576 920 675 978 detecta
696 919 783 978 fraude
804 922 832 977 in
850 938 904 977 ca·

200 1002 282 1059 rediit.
322 1003 361 1059 Ibi
382 1002 463 1079 piures
483 1004 535 1059 aies
556 1020 660 1079 propter
675 1003 789 1077 inopiam
803 1004 873 1059 stum
906 1037 907 1044 κ

201 1099 307 1141 manete
317 1084 451 1160 nequibat:
477 1100 595 1160 novaque
609 1084 711 1141 consilia
722 1084 809 1147 indies,
828 1102 884 1140 non

199 1165 254 1237 pud
268 1165 361 1221 milites
373 1162 465 1229 solum,
487 1167 576 1221 misios
590 1184 622 1221 ex
640 1164 785 1222 colluvione
805 1167 881 1223 omni
905 1197 907 1216 r

199 1248 329 1321 gentium,
347 1246 479 1304 sedetiam
496 1247 563 1324 apud
577 1246 660 1323 ipsum
674 1248 768 1303 ducem
776 1246 890 1305 oriebant

200 1342 264 1384 nam
277 1348 360 1405 quum
372 1330 444 1386 initio
457 1330 582 1389 fremitus,
603 1328 692 1385 deinde
707 1344 791 1404 aperta
805 1328 864 1385 voci
880 1358 891 1378 a

200 1408 241 1465 tio
252 1409 337 1468 suisset
350 1412 541 1487 exposcentium
554 1412 707 1548 stipendium
721 1410 846 1474 debitum,
865 1431 901 1488 qu

199 1492 364 1567 rentiumque
373 1510 503 1549 annonam
517 1494 585 1568 prim
605 1534 611 1553 ‚
632 1490 763 1567 postremi)
778 1490 907 1558 samemt

199 1573 371 1629 mercenarios
388 1572 489 1636 milites,
518 1570 632 1630 maxims
652 1572 758 1647 Hispani
770 1576 879 1652 generis,
902 1601 907 1622 ι

200 1654 347 1709 transitione
361 1652 450 1729 cepisse
465 1654 610 1719 constitum,
630 1654 698 1711 sama
712 1654 786 1712 esset:
813 1656 867 1732 ipse
880 1674 907 1712 e·

199 1746 244 1789 am
259 1734 386 1791 interdum
404 1735 510 1792 Annibal
526 1736 557 1793 de
577 1734 639 1814 fuga
656 1737 683 1791 in
704 1736 815 1793 Galliam
836 1736 888 1795 dici

200 1815 318 1891 igitdsib3
339 1817 373 1874 ita
388 1832 418 1874 ut
431 1816 520 1875 resisto
533 1818 647 1891 peditatu
666 1818 742 1873 omni
756 1836 819 1876 eum
835 1820 907 1897 equi=

200 1891 283 1954 surse
296 1898 441 1975 proriperet.
481 1902 571 1969 Quum
588 1898 643 1957 ltaec
658 1898 769 1961 consilia,
791 1913 869 1977 atque
893 1929 898 1951 ·

199 1973 302 2037 babitus
319 1982 469 2037 animorum
489 1980 549 2037 esset
565 1982 592 2036 in
614 1983 711 2044 castris,
742 1999 849 2038 movete
869 2001 907 2037 ιι·

200 2056 285 2120 statuit
299 2064 325 2119 in
339 2061 456 2121 calidiora
466 2077 540 2140 atque
551 2081 583 2120 eo
595 2064 734 2121 maturiora
755 2062 876 2120 messibus
901 2088 903 2093 ·

197 2143 273 2220 puliat
285 2144 353 2203 ioca:
376 2144 451 2203 fimus
459 2163 486 2202 ut
498 2164 551 2221 quo
562 2141 660 2223 longitis
673 2142 907 2202 abhorrereceffiff-

198 2224 340 2305 transfugia
353 2227 515 2301 impeditiora
528 2226 623 2283 levibus
633 2227 741 2303 ingeniis
755 2226 843 2285 essent.
902 2253 907 2275 ε

199 2300 284 2363 sedus
299 2308 433 2371 estnoste,
455 2305 557 2383 ignibus
579 2307 692 2364 similiter
711 2304 793 2369 fastis,
814 2308 882 2365 taber
905 2349 907 2355 .

199 2386 310 2463 eulisque
325 2388 411 2463 paucis
429 2389 457 2443 in
476 2380 585 2461 speciem
605 2388 706 2452 resistis,
735 2405 764 2447 ut
779 2388 896 2447 insidiaru

195 2482 242 2544 par
254 2469 330 2545 priori
343 2484 428 2526 metus
439 2470 581 2527 contineret
594 2472 739 2529 Romanos.
778 2470 827 2526 Sed
843 2490 888 2548 per

197 2551 294 2608 undem
312 2555 446 2608 Lucanum
467 2546 603 2615 Statilium,
625 2554 748 2609 omnibus
764 2550 829 2608 ultra
848 2572 877 2610 ca
905 2581 907 2601 ι

197 2631 316 2709 stansque
334 2648 437 2691 montes
458 2633 604 2709 exploratis,
631 2654 713 2712 quum
728 2631 835 2689 relatum
856 2634 900 2688 ess

197 2714 282 2773 visum
295 2713 384 2790 procul
400 2715 514 2772 hostium
527 2734 638 2793 agmen5
659 2732 717 2773 tum
729 2714 761 2771 de
769 2712 902 2791 insequen·

196 2814 230 2855 eo
240 2794 342 2855 consilia
354 2796 444 2874 agitari
458 2812 555 2875 coepta.
592 2800 680 2867 Qum
694 2792 822 2873 utriusque
832 2796 903 2854 cons

197 2876 339 2961 §sordem
359 2894 417 2959 quot
426 2876 525 2959 semper
541 2874 609 2945 aare
629 2877 714 2965 iisset
725 2876 862 2965 sententiat
902 2912 907 2923 ·

838 2972 906 3018 tetu

0 3001 32 3042 rs„

9 3043 31 3078 :ri
