<?xml version="1.0" encoding="UTF-8"?>
<!DOCTYPE html PUBLIC "-//W3C//DTD XHTML 1.0 Transitional//EN"
    "http://www.w3.org/TR/xhtml1/DTD/xhtml1-transitional.dtd">
<html xmlns="http://www.w3.org/1999/xhtml" xml:lang="en" lang="en">
 <head>
  <title>
</title>
<meta http-equiv="Content-Type" content="text/html;charset=utf-8" />
  <meta name='ocr-system' content='tesseract 3.04.00' />
  <meta name='ocr-capabilities' content='ocr_page ocr_carea ocr_par ocr_line ocrx_word'/>
</head>
<body>
  <div class='ocr_page' id='page_1' title='image "./tliviipatavinih02livygoog_0160.png"; bbox 0 0 1814 3316; ppageno 0'>
   <div class='ocr_carea' id='block_1_1' title="bbox 256 154 822 245">
    <p class='ocr_par' dir='ltr' id='par_1_1' title="bbox 256 154 822 245">
     <span class='ocr_line' id='line_1_1' title="bbox 256 154 822 245; baseline 0.005 -22"><span class='ocrx_word' id='word_1_1' title='bbox 256 154 468 224; x_wconf 76' lang='lat' dir='ltr'>Lrssru</span> <span class='ocrx_word' id='word_1_2' title='bbox 502 157 634 225; x_wconf 81' lang='lat' dir='ltr'>xxiv.</span> <span class='ocrx_word' id='word_1_3' title='bbox 751 177 822 245; x_wconf 73' lang='grc' dir='ltr'>ης</span> 
     </span>
    </p>
   </div>
   <div class='ocr_carea' id='block_1_2' title="bbox 77 253 840 2939">
    <p class='ocr_par' dir='ltr' id='par_1_2' title="bbox 77 253 836 2370">
     <span class='ocr_line' id='line_1_2' title="bbox 86 253 835 337; baseline 0.005 -22"><span class='ocrx_word' id='word_1_4' title='bbox 86 253 170 319; x_wconf 80' lang='lat' dir='ltr'>cmlit,</span> <span class='ocrx_word' id='word_1_5' title='bbox 192 258 343 333; x_wconf 85' lang='lat' dir='ltr'>Pomponio</span> <span class='ocrx_word' id='word_1_6' title='bbox 353 276 508 336; x_wconf 79' lang='lat' dir='ltr'>propraetote</span> <span class='ocrx_word' id='word_1_7' title='bbox 523 278 585 317; x_wconf 89' lang='lat' dir='ltr'>cum</span> <span class='ocrx_word' id='word_1_8' title='bbox 600 276 633 316; x_wconf 91' lang='lat' dir='ltr'>co</span> <span class='ocrx_word' id='word_1_9' title='bbox 642 259 761 323; x_wconf 80' lang='lat' dir='ltr'>exercitu,</span> <span class='ocrx_word' id='word_1_10' title='bbox 776 263 835 337; x_wconf 88' lang='lat' dir='ltr'>qui-</span> 
     </span>
     <span class='ocr_line' id='line_1_3' title="bbox 82 336 821 413; baseline 0.004 -18"><span class='ocrx_word' id='word_1_11' title='bbox 82 336 161 413; x_wconf 74' lang='lat' dir='ltr'>irper</span> <span class='ocrx_word' id='word_1_12' title='bbox 178 338 321 397; x_wconf 74' lang='lat' dir='ltr'>Suessulam</span> <span class='ocrx_word' id='word_1_13' title='bbox 335 341 363 397; x_wconf 90' lang='lat' dir='ltr'>in</span> <span class='ocrx_word' id='word_1_14' title='bbox 374 342 459 397; x_wconf 86' lang='lat' dir='ltr'>cailris</span> <span class='ocrx_word' id='word_1_15' title='bbox 473 356 536 403; x_wconf 83' lang='lat' dir='ltr'>erat,</span> <span class='ocrx_word' id='word_1_16' title='bbox 556 343 648 404; x_wconf 87' lang='lat' dir='ltr'>accito,</span> <span class='ocrx_word' id='word_1_17' title='bbox 667 343 702 397; x_wconf 90' lang='lat' dir='ltr'>ire</span> <span class='ocrx_word' id='word_1_18' title='bbox 714 341 821 398; x_wconf 88' lang='lat' dir='ltr'>obviarn</span> 
     </span>
     <span class='ocr_line' id='line_1_4' title="bbox 83 416 836 496; baseline 0.008 -22"><span class='ocrx_word' id='word_1_19' title='bbox 83 416 155 475; x_wconf 72' lang='lat' dir='ltr'>¹hosii</span> <span class='ocrx_word' id='word_1_20' title='bbox 177 436 257 496; x_wconf 72' lang='lat' dir='ltr'>putet,</span> <span class='ocrx_word' id='word_1_21' title='bbox 277 440 327 479; x_wconf 81' lang='lat' dir='ltr'>nec</span> <span class='ocrx_word' id='word_1_22' title='bbox 343 439 444 479; x_wconf 80' lang='lat' dir='ltr'>moram</span> <span class='ocrx_word' id='word_1_23' title='bbox 460 422 599 479; x_wconf 83' lang='lat' dir='ltr'>dimicandi</span> <span class='ocrx_word' id='word_1_24' title='bbox 615 421 703 479; x_wconf 79' lang='lat' dir='ltr'>facere.</span> <span class='ocrx_word' id='word_1_25' title='bbox 744 423 836 480; x_wconf 76' lang='lat' dir='ltr'>Clau·-</span> 
     </span>
     <span class='ocr_line' id='line_1_5' title="bbox 80 498 822 578; baseline 0.003 -21"><span class='ocrx_word' id='word_1_26' title='bbox 80 498 162 558; x_wconf 89' lang='lat' dir='ltr'>dium</span> <span class='ocrx_word' id='word_1_27' title='bbox 179 503 318 571; x_wconf 75' lang='lat' dir='ltr'>Neronem</span> <span class='ocrx_word' id='word_1_28' title='bbox 333 521 394 560; x_wconf 91' lang='lat' dir='ltr'>cum</span> <span class='ocrx_word' id='word_1_29' title='bbox 407 502 499 560; x_wconf 89' lang='lat' dir='ltr'>robore</span> <span class='ocrx_word' id='word_1_30' title='bbox 513 503 640 578; x_wconf 90' lang='lat' dir='ltr'>equitum,</span> <span class='ocrx_word' id='word_1_31' title='bbox 660 503 759 561; x_wconf 74' lang='lat' dir='ltr'>silentio</span> <span class='ocrx_word' id='word_1_32' title='bbox 772 523 822 559; x_wconf 88' lang='lat' dir='ltr'>no·</span> 
     </span>
     <span class='ocr_line' id='line_1_6' title="bbox 85 580 832 660; baseline 0.004 -21"><span class='ocrx_word' id='word_1_33' title='bbox 85 582 146 647; x_wconf 73' lang='lat' dir='ltr'>etis.</span> <span class='ocrx_word' id='word_1_34' title='bbox 162 599 209 658; x_wconf 83' lang='lat' dir='ltr'>per</span> <span class='ocrx_word' id='word_1_35' title='bbox 222 581 340 641; x_wconf 70' lang='lat' dir='ltr'>uveridm</span> <span class='ocrx_word' id='word_1_36' title='bbox 353 580 469 642; x_wconf 77' lang='lat' dir='ltr'>morimd</span> <span class='ocrx_word' id='word_1_37' title='bbox 487 584 520 641; x_wconf 80' lang='lat' dir='ltr'>rb</span> <span class='ocrx_word' id='word_1_38' title='bbox 538 583 611 641; x_wconf 84' lang='lat' dir='ltr'>boile</span> <span class='ocrx_word' id='word_1_39' title='bbox 627 601 728 660; x_wconf 85' lang='lat' dir='ltr'>portam</span> <span class='ocrx_word' id='word_1_40' title='bbox 741 586 832 643; x_wconf 82' lang='lat' dir='ltr'>emit·-</span> 
     </span>
     <span class='ocr_line' id='line_1_7' title="bbox 85 662 823 745; baseline 0.001 -24"><span class='ocrx_word' id='word_1_41' title='bbox 85 662 131 721; x_wconf 86' lang='lat' dir='ltr'>tit:</span> <span class='ocrx_word' id='word_1_42' title='bbox 151 664 414 743; x_wconf 60' lang='lat' dir='ltr'>circumvectumque</span> <span class='ocrx_word' id='word_1_43' title='bbox 424 662 526 723; x_wconf 68' lang='lat' dir='ltr'>occulte</span> <span class='ocrx_word' id='word_1_44' title='bbox 536 664 652 740; x_wconf 85' lang='lat' dir='ltr'>subsequi</span> <span class='ocrx_word' id='word_1_45' title='bbox 665 664 757 723; x_wconf 80' lang='lat' dir='ltr'>sentim</span> <span class='ocrx_word' id='word_1_46' title='bbox 774 685 823 745; x_wconf 75' lang='lat' dir='ltr'>rg-</span> 
     </span>
     <span class='ocr_line' id='line_1_8' title="bbox 79 744 819 822; baseline 0.005 -20"><span class='ocrx_word' id='word_1_47' title='bbox 79 762 151 802; x_wconf 79' lang='lat' dir='ltr'>men</span> <span class='ocrx_word' id='word_1_48' title='bbox 162 744 278 805; x_wconf 74' lang='lat' dir='ltr'>leffium</span> <span class='ocrx_word' id='word_1_49' title='bbox 294 746 382 820; x_wconf 68' lang='lat' dir='ltr'>jubete</span> <span class='ocrx_word' id='word_1_50' title='bbox 407 751 445 811; x_wconf 65' lang='grc' dir='ltr'>ἃ,</span> <span class='ocrx_word' id='word_1_51' title='bbox 465 764 549 822; x_wconf 90' lang='lat' dir='ltr'>quum</span> <span class='ocrx_word' id='word_1_52' title='bbox 564 762 684 803; x_wconf 86' lang='lat' dir='ltr'>coortum</span> <span class='ocrx_word' id='word_1_53' title='bbox 698 747 819 822; x_wconf 86' lang='lat' dir='ltr'>proelium</span> 
     </span>
     <span class='ocr_line' id='line_1_9' title="bbox 86 824 821 905; baseline 0.005 -24"><span class='ocrx_word' id='word_1_54' title='bbox 86 824 193 891; x_wconf 77' lang='lat' dir='ltr'>rideret,</span> <span class='ocrx_word' id='word_1_55' title='bbox 209 826 242 884; x_wconf 80' lang='lat' dir='ltr'>ab</span> <span class='ocrx_word' id='word_1_56' title='bbox 263 843 341 905; x_wconf 65' lang='lat' dir='ltr'>tago</span> <span class='ocrx_word' id='word_1_57' title='bbox 359 826 384 883; x_wconf 92' lang='lat' dir='ltr'>se</span> <span class='ocrx_word' id='word_1_58' title='bbox 401 827 523 902; x_wconf 85' lang='lat' dir='ltr'>objicere.</span> <span class='ocrx_word' id='word_1_59' title='bbox 562 826 592 884; x_wconf 91' lang='lat' dir='ltr'>ld</span> <span class='ocrx_word' id='word_1_60' title='bbox 609 846 692 884; x_wconf 77' lang='lat' dir='ltr'>errore</span> <span class='ocrx_word' id='word_1_61' title='bbox 713 830 821 895; x_wconf 81' lang='lat' dir='ltr'>viarum,</span> 
     </span>
     <span class='ocr_line' id='line_1_10' title="bbox 83 906 821 985; baseline 0.003 -20"><span class='ocrx_word' id='word_1_62' title='bbox 83 924 125 965; x_wconf 72' lang='lat' dir='ltr'>ou</span> <span class='ocrx_word' id='word_1_63' title='bbox 140 908 274 985; x_wconf 58' lang='lat' dir='ltr'>exiguitate</span> <span class='ocrx_word' id='word_1_64' title='bbox 285 909 412 983; x_wconf 81' lang='lat' dir='ltr'>temporis</span> <span class='ocrx_word' id='word_1_65' title='bbox 426 910 500 965; x_wconf 89' lang='lat' dir='ltr'>Nero</span> <span class='ocrx_word' id='word_1_66' title='bbox 517 906 618 984; x_wconf 73' lang='lat' dir='ltr'>equui</span> <span class='ocrx_word' id='word_1_67' title='bbox 633 928 686 965; x_wconf 92' lang='lat' dir='ltr'>non</span> <span class='ocrx_word' id='word_1_68' title='bbox 702 911 821 984; x_wconf 84' lang='lat' dir='ltr'>potuerit,</span> 
     </span>
     <span class='ocr_line' id='line_1_11' title="bbox 82 985 819 1065; baseline 0.003 -20"><span class='ocrx_word' id='word_1_69' title='bbox 82 985 214 1047; x_wconf 66' lang='lat' dir='ltr'>demtum</span> <span class='ocrx_word' id='word_1_70' title='bbox 233 992 281 1047; x_wconf 87' lang='lat' dir='ltr'>est.</span> <span class='ocrx_word' id='word_1_71' title='bbox 322 989 429 1047; x_wconf 85' lang='lat' dir='ltr'>Absente</span> <span class='ocrx_word' id='word_1_72' title='bbox 445 1008 479 1047; x_wconf 91' lang='lat' dir='ltr'>eo</span> <span class='ocrx_word' id='word_1_73' title='bbox 496 1008 579 1065; x_wconf 90' lang='lat' dir='ltr'>quum</span> <span class='ocrx_word' id='word_1_74' title='bbox 598 989 721 1065; x_wconf 87' lang='lat' dir='ltr'>proeliurn</span> <span class='ocrx_word' id='word_1_75' title='bbox 742 1009 819 1049; x_wconf 86' lang='lat' dir='ltr'>cum·</span> 
     </span>
     <span class='ocr_line' id='line_1_12' title="bbox 81 1068 818 1148; baseline 0.003 -21"><span class='ocrx_word' id='word_1_76' title='bbox 81 1068 193 1127; x_wconf 77' lang='lat' dir='ltr'>missum</span> <span class='ocrx_word' id='word_1_77' title='bbox 205 1071 276 1135; x_wconf 82' lang='lat' dir='ltr'>effer,</span> <span class='ocrx_word' id='word_1_78' title='bbox 293 1068 404 1147; x_wconf 85' lang='lat' dir='ltr'>superior</span> <span class='ocrx_word' id='word_1_79' title='bbox 417 1072 523 1148; x_wconf 88' lang='lat' dir='ltr'>quidem</span> <span class='ocrx_word' id='word_1_80' title='bbox 541 1070 609 1128; x_wconf 83' lang='lat' dir='ltr'>baud</span> <span class='ocrx_word' id='word_1_81' title='bbox 627 1068 704 1131; x_wconf 75' lang='lat' dir='ltr'>dubid</span> <span class='ocrx_word' id='word_1_82' title='bbox 718 1076 818 1129; x_wconf 83' lang='lat' dir='ltr'>Romu·</span> 
     </span>
     <span class='ocr_line' id='line_1_13' title="bbox 81 1150 818 1229; baseline 0 -18"><span class='ocrx_word' id='word_1_83' title='bbox 81 1166 135 1211; x_wconf 74' lang='lat' dir='ltr'>ms</span> <span class='ocrx_word' id='word_1_84' title='bbox 147 1166 215 1212; x_wconf 72' lang='lat' dir='ltr'>eut:</span> <span class='ocrx_word' id='word_1_85' title='bbox 229 1150 281 1217; x_wconf 76' lang='lat' dir='ltr'>std,</span> <span class='ocrx_word' id='word_1_86' title='bbox 293 1152 355 1229; x_wconf 75' lang='lat' dir='ltr'>quisi</span> <span class='ocrx_word' id='word_1_87' title='bbox 369 1152 466 1229; x_wconf 79' lang='lat' dir='ltr'>equites</span> <span class='ocrx_word' id='word_1_88' title='bbox 481 1171 535 1210; x_wconf 87' lang='lat' dir='ltr'>non</span> <span class='ocrx_word' id='word_1_89' title='bbox 547 1150 641 1211; x_wconf 85' lang='lat' dir='ltr'>nffirere</span> <span class='ocrx_word' id='word_1_90' title='bbox 653 1155 680 1211; x_wconf 92' lang='lat' dir='ltr'>in</span> <span class='ocrx_word' id='word_1_91' title='bbox 692 1168 818 1229; x_wconf 79' lang='lat' dir='ltr'>tempore,</span> 
     </span>
     <span class='ocr_line' id='line_1_14' title="bbox 78 1233 816 1311; baseline 0 -20"><span class='ocrx_word' id='word_1_92' title='bbox 78 1233 506 1310; x_wconf 79' lang='lat' dir='ltr'>ntiooompolitrcreiturbctreli.</span> <span class='ocrx_word' id='word_1_93' title='bbox 518 1233 652 1292; x_wconf 82' lang='lat' dir='ltr'>nonausrrs</span> <span class='ocrx_word' id='word_1_94' title='bbox 664 1234 761 1311; x_wconf 88' lang='lat' dir='ltr'>insequi</span> <span class='ocrx_word' id='word_1_95' title='bbox 772 1254 816 1294; x_wconf 88' lang='lat' dir='ltr'>ce·</span> 
     </span>
     <span class='ocr_line' id='line_1_15' title="bbox 78 1314 820 1394; baseline -0.001 -20"><span class='ocrx_word' id='word_1_96' title='bbox 78 1314 174 1373; x_wconf 79' lang='lat' dir='ltr'>deuter</span> <span class='ocrx_word' id='word_1_97' title='bbox 189 1316 332 1379; x_wconf 70' lang='lat' dir='ltr'>Marcellus,</span> <span class='ocrx_word' id='word_1_98' title='bbox 354 1315 513 1374; x_wconf 84' lang='lat' dir='ltr'>vincentibus</span> <span class='ocrx_word' id='word_1_99' title='bbox 524 1314 576 1373; x_wconf 85' lang='lat' dir='ltr'>suis</span> <span class='ocrx_word' id='word_1_100' title='bbox 586 1316 690 1394; x_wconf 73' lang='lat' dir='ltr'>signum</span> <span class='ocrx_word' id='word_1_101' title='bbox 705 1316 820 1391; x_wconf 87' lang='lat' dir='ltr'>receptui</span> 
     </span>
     <span class='ocr_line' id='line_1_16' title="bbox 77 1394 819 1473; baseline -0.001 -18"><span class='ocrx_word' id='word_1_102' title='bbox 77 1396 166 1455; x_wconf 75' lang='lat' dir='ltr'>derit:</span> <span class='ocrx_word' id='word_1_103' title='bbox 188 1396 247 1473; x_wconf 83' lang='lat' dir='ltr'>plur</span> <span class='ocrx_word' id='word_1_104' title='bbox 263 1412 351 1456; x_wconf 78' lang='lat' dir='ltr'>tumen</span> <span class='ocrx_word' id='word_1_105' title='bbox 370 1399 424 1455; x_wconf 90' lang='lat' dir='ltr'>duo</span> <span class='ocrx_word' id='word_1_106' title='bbox 438 1395 517 1454; x_wconf 81' lang='lat' dir='ltr'>millia</span> <span class='ocrx_word' id='word_1_107' title='bbox 530 1395 643 1455; x_wconf 83' lang='lat' dir='ltr'>hostium</span> <span class='ocrx_word' id='word_1_108' title='bbox 657 1396 742 1452; x_wconf 83' lang='lat' dir='ltr'>codic</span> <span class='ocrx_word' id='word_1_109' title='bbox 754 1394 819 1455; x_wconf 80' lang='lat' dir='ltr'>erese</span> 
     </span>
     <span class='ocr_line' id='line_1_17' title="bbox 82 1475 817 1557; baseline -0.003 -20"><span class='ocrx_word' id='word_1_110' title='bbox 82 1478 238 1537; x_wconf 72' lang='lat' dir='ltr'>orduone:</span> <span class='ocrx_word' id='word_1_111' title='bbox 270 1476 387 1537; x_wconf 79' lang='lat' dir='ltr'>Romani</span> <span class='ocrx_word' id='word_1_112' title='bbox 408 1478 497 1543; x_wconf 81' lang='lat' dir='ltr'>miuus</span> <span class='ocrx_word' id='word_1_113' title='bbox 517 1476 714 1557; x_wconf 62' lang='lat' dir='ltr'>qudringentis.</span> <span class='ocrx_word' id='word_1_114' title='bbox 754 1475 817 1535; x_wconf 81' lang='lat' dir='ltr'>Solis</span> 
     </span>
     <span class='ocr_line' id='line_1_18' title="bbox 81 1557 815 1635; baseline -0.004 -18"><span class='ocrx_word' id='word_1_115' title='bbox 81 1558 136 1617; x_wconf 75' lang='lat' dir='ltr'>sere</span> <span class='ocrx_word' id='word_1_116' title='bbox 153 1557 249 1619; x_wconf 82' lang='lat' dir='ltr'>ocrrsu</span> <span class='ocrx_word' id='word_1_117' title='bbox 269 1563 351 1622; x_wconf 88' lang='lat' dir='ltr'>Nero,</span> <span class='ocrx_word' id='word_1_118' title='bbox 377 1561 447 1617; x_wconf 85' lang='lat' dir='ltr'>diem</span> <span class='ocrx_word' id='word_1_119' title='bbox 469 1560 628 1635; x_wconf 78' lang='lat' dir='ltr'>nodiemque</span> <span class='ocrx_word' id='word_1_120' title='bbox 644 1558 815 1634; x_wconf 78' lang='lat' dir='ltr'>nequicquam</span> 
     </span>
     <span class='ocr_line' id='line_1_19' title="bbox 80 1639 816 1719; baseline -0.004 -20"><span class='ocrx_word' id='word_1_121' title='bbox 80 1639 195 1718; x_wconf 70' lang='lat' dir='ltr'>irrigetis</span> <span class='ocrx_word' id='word_1_122' title='bbox 208 1642 282 1719; x_wconf 84' lang='lat' dir='ltr'>equis</span> <span class='ocrx_word' id='word_1_123' title='bbox 298 1640 505 1717; x_wconf 87' lang='lat' dir='ltr'>hominibusque,</span> <span class='ocrx_word' id='word_1_124' title='bbox 523 1660 556 1698; x_wconf 92' lang='lat' dir='ltr'>ne</span> <span class='ocrx_word' id='word_1_125' title='bbox 576 1639 630 1699; x_wconf 89' lang='lat' dir='ltr'>viso</span> <span class='ocrx_word' id='word_1_126' title='bbox 645 1640 750 1717; x_wconf 81' lang='lat' dir='ltr'>quidem</span> <span class='ocrx_word' id='word_1_127' title='bbox 768 1640 816 1696; x_wconf 89' lang='lat' dir='ltr'>bo-</span> 
     </span>
     <span class='ocr_line' id='line_1_20' title="bbox 81 1720 816 1799; baseline -0.005 -19"><span class='ocrx_word' id='word_1_128' title='bbox 81 1722 120 1780; x_wconf 77' lang='lat' dir='ltr'>rie</span> <span class='ocrx_word' id='word_1_129' title='bbox 137 1723 247 1787; x_wconf 78' lang='lat' dir='ltr'>rediens,</span> <span class='ocrx_word' id='word_1_130' title='bbox 266 1720 328 1780; x_wconf 73' lang='lat' dir='ltr'>oded</span> <span class='ocrx_word' id='word_1_131' title='bbox 341 1725 449 1799; x_wconf 77' lang='lat' dir='ltr'>graviter</span> <span class='ocrx_word' id='word_1_132' title='bbox 463 1724 500 1781; x_wconf 89' lang='lat' dir='ltr'>est</span> <span class='ocrx_word' id='word_1_133' title='bbox 511 1722 543 1780; x_wconf 80' lang='lat' dir='ltr'>ab</span> <span class='ocrx_word' id='word_1_134' title='bbox 556 1722 659 1780; x_wconf 88' lang='lat' dir='ltr'>consule</span> <span class='ocrx_word' id='word_1_135' title='bbox 672 1722 816 1797; x_wconf 81' lang='lat' dir='ltr'>increpitus,</span> 
     </span>
     <span class='ocr_line' id='line_1_21' title="bbox 81 1803 815 1881; baseline -0.003 -20"><span class='ocrx_word' id='word_1_136' title='bbox 81 1817 113 1861; x_wconf 87' lang='lat' dir='ltr'>ut</span> <span class='ocrx_word' id='word_1_137' title='bbox 125 1824 175 1881; x_wconf 83' lang='lat' dir='ltr'>per</span> <span class='ocrx_word' id='word_1_138' title='bbox 192 1822 257 1861; x_wconf 90' lang='lat' dir='ltr'>cum</span> <span class='ocrx_word' id='word_1_139' title='bbox 274 1804 365 1863; x_wconf 74' lang='lat' dir='ltr'>stetisse</span> <span class='ocrx_word' id='word_1_140' title='bbox 377 1805 479 1868; x_wconf 80' lang='lat' dir='ltr'>diceret,</span> <span class='ocrx_word' id='word_1_141' title='bbox 497 1823 551 1880; x_wconf 94' lang='lat' dir='ltr'>quo</span> <span class='ocrx_word' id='word_1_142' title='bbox 567 1806 653 1861; x_wconf 84' lang='lat' dir='ltr'>minus</span> <span class='ocrx_word' id='word_1_143' title='bbox 665 1819 769 1879; x_wconf 77' lang='lat' dir='ltr'>acceptu</span> <span class='ocrx_word' id='word_1_144' title='bbox 783 1803 815 1859; x_wconf 84' lang='lat' dir='ltr'>ed</span> 
     </span>
     <span class='ocr_line' id='line_1_22' title="bbox 80 1884 815 1945; baseline -0.005 -2"><span class='ocrx_word' id='word_1_145' title='bbox 80 1886 186 1945; x_wconf 65' lang='lat' dir='ltr'>Quor</span> <span class='ocrx_word' id='word_1_146' title='bbox 206 1886 350 1944; x_wconf 76' lang='lat' dir='ltr'>redderetur</span> <span class='ocrx_word' id='word_1_147' title='bbox 368 1884 435 1943; x_wconf 83' lang='lat' dir='ltr'>bolli</span> <span class='ocrx_word' id='word_1_148' title='bbox 453 1886 541 1944; x_wconf 72' lang='lat' dir='ltr'>clides.</span> <span class='ocrx_word' id='word_1_149' title='bbox 579 1888 684 1943; x_wconf 86' lang='lat' dir='ltr'>Postero</span> <span class='ocrx_word' id='word_1_150' title='bbox 702 1885 743 1941; x_wconf 86' lang='lat' dir='ltr'>die</span> <span class='ocrx_word' id='word_1_151' title='bbox 758 1888 815 1940; x_wconf 86' lang='lat' dir='ltr'>Ro·</span> 
     </span>
     <span class='ocr_line' id='line_1_23' title="bbox 83 1966 816 2032; baseline -0.007 -7"><span class='ocrx_word' id='word_1_152' title='bbox 83 1984 178 2027; x_wconf 71' lang='lat' dir='ltr'>monus</span> <span class='ocrx_word' id='word_1_153' title='bbox 196 1968 224 2025; x_wconf 92' lang='lat' dir='ltr'>irr</span> <span class='ocrx_word' id='word_1_154' title='bbox 244 1968 327 2025; x_wconf 81' lang='lat' dir='ltr'>aciem</span> <span class='ocrx_word' id='word_1_155' title='bbox 345 1967 480 2027; x_wconf 86' lang='lat' dir='ltr'>descendit.</span> <span class='ocrx_word' id='word_1_156' title='bbox 518 1972 623 2032; x_wconf 84' lang='lat' dir='ltr'>Poeuus,</span> <span class='ocrx_word' id='word_1_157' title='bbox 644 1968 721 2025; x_wconf 76' lang='lat' dir='ltr'>tacita</span> <span class='ocrx_word' id='word_1_158' title='bbox 736 1966 816 2023; x_wconf 88' lang='lat' dir='ltr'>ctiam</span> 
     </span>
     <span class='ocr_line' id='line_1_24' title="bbox 79 2046 816 2113; baseline -0.009 -6"><span class='ocrx_word' id='word_1_159' title='bbox 79 2048 243 2107; x_wconf 74' lang='lat' dir='ltr'>mufeffione</span> <span class='ocrx_word' id='word_1_160' title='bbox 260 2051 353 2113; x_wconf 74' lang='lat' dir='ltr'>vietus,</span> <span class='ocrx_word' id='word_1_161' title='bbox 378 2051 464 2108; x_wconf 76' lang='lat' dir='ltr'>tastris</span> <span class='ocrx_word' id='word_1_162' title='bbox 483 2049 509 2105; x_wconf 91' lang='lat' dir='ltr'>se</span> <span class='ocrx_word' id='word_1_163' title='bbox 528 2050 616 2107; x_wconf 88' lang='lat' dir='ltr'>tenuit.</span> <span class='ocrx_word' id='word_1_164' title='bbox 662 2047 754 2105; x_wconf 83' lang='lat' dir='ltr'>Tertio</span> <span class='ocrx_word' id='word_1_165' title='bbox 773 2046 816 2102; x_wconf 89' lang='lat' dir='ltr'>dic</span> 
     </span>
     <span class='ocr_line' id='line_1_25' title="bbox 81 2127 834 2205; baseline -0.008 -16"><span class='ocrx_word' id='word_1_166' title='bbox 81 2128 182 2189; x_wconf 80' lang='lat' dir='ltr'>dileutio</span> <span class='ocrx_word' id='word_1_167' title='bbox 192 2131 289 2195; x_wconf 68' lang='lat' dir='ltr'>nostis,</span> <span class='ocrx_word' id='word_1_168' title='bbox 302 2132 394 2189; x_wconf 84' lang='lat' dir='ltr'>omissa</span> <span class='ocrx_word' id='word_1_169' title='bbox 406 2130 449 2205; x_wconf 91' lang='lat' dir='ltr'>spe</span> <span class='ocrx_word' id='word_1_170' title='bbox 461 2130 535 2187; x_wconf 80' lang='lat' dir='ltr'>Nolnt</span> <span class='ocrx_word' id='word_1_171' title='bbox 548 2128 687 2203; x_wconf 84' lang='lat' dir='ltr'>potiundae,</span> <span class='ocrx_word' id='word_1_172' title='bbox 699 2127 735 2181; x_wconf 77' lang='lat' dir='ltr'>rei</span> <span class='ocrx_word' id='word_1_173' title='bbox 749 2144 815 2183; x_wconf 90' lang='lat' dir='ltr'>nun·</span> <span class='ocrx_word' id='word_1_174' title='bbox 831 2151 834 2155; x_wconf 51' lang='lat'><strong>⁴</strong></span> 
     </span>
     <span class='ocr_line' id='line_1_26' title="bbox 80 2207 814 2288; baseline -0.005 -19"><span class='ocrx_word' id='word_1_175' title='bbox 80 2228 163 2287; x_wconf 73' lang='lat' dir='ltr'>qum</span> <span class='ocrx_word' id='word_1_176' title='bbox 185 2211 305 2288; x_wconf 86' lang='lat' dir='ltr'>prospere</span> <span class='ocrx_word' id='word_1_177' title='bbox 325 2226 437 2274; x_wconf 72' lang='lat' dir='ltr'>tentatae,</span> <span class='ocrx_word' id='word_1_178' title='bbox 463 2216 607 2268; x_wconf 77' lang='lat' dir='ltr'>Tarentum</span> <span class='ocrx_word' id='word_1_179' title='bbox 627 2207 658 2266; x_wconf 78' lang='lat' dir='ltr'>od</span> <span class='ocrx_word' id='word_1_180' title='bbox 678 2208 814 2265; x_wconf 81' lang='lat' dir='ltr'>certiorem</span> 
     </span>
     <span class='ocr_line' id='line_1_27' title="bbox 79 2290 506 2370; baseline -0.012 -19"><span class='ocrx_word' id='word_1_181' title='bbox 79 2292 155 2369; x_wconf 84' lang='lat' dir='ltr'>spem</span> <span class='ocrx_word' id='word_1_182' title='bbox 167 2294 320 2368; x_wconf 78' lang='lat' dir='ltr'>proditionis</span> <span class='ocrx_word' id='word_1_183' title='bbox 332 2290 506 2370; x_wconf 85' lang='lat' dir='ltr'>proficiscitur.</span> 
     </span>
    </p>

    <p class='ocr_par' dir='ltr' id='par_1_3' title="bbox 80 2372 840 2939">
     <span class='ocr_line' id='line_1_28' title="bbox 123 2372 815 2435; baseline -0.003 -4"><span class='ocrx_word' id='word_1_184' title='bbox 123 2376 228 2433; x_wconf 77' lang='lat' dir='ltr'>xviri.</span> <span class='ocrx_word' id='word_1_185' title='bbox 249 2378 308 2435; x_wconf 87' lang='lat' dir='ltr'>Ncc</span> <span class='ocrx_word' id='word_1_186' title='bbox 324 2377 426 2432; x_wconf 90' lang='lat' dir='ltr'>minore</span> <span class='ocrx_word' id='word_1_187' title='bbox 442 2375 531 2431; x_wconf 83' lang='lat' dir='ltr'>animo</span> <span class='ocrx_word' id='word_1_188' title='bbox 547 2392 586 2431; x_wconf 88' lang='lat' dir='ltr'>res</span> <span class='ocrx_word' id='word_1_189' title='bbox 605 2376 728 2430; x_wconf 78' lang='lat' dir='ltr'>Romana</span> <span class='ocrx_word' id='word_1_190' title='bbox 739 2372 815 2430; x_wconf 90' lang='lat' dir='ltr'>domi</span> 
     </span>
     <span class='ocr_line' id='line_1_29' title="bbox 84 2452 814 2534; baseline -0.004 -21"><span class='ocrx_word' id='word_1_191' title='bbox 84 2452 165 2531; x_wconf 77' lang='lat' dir='ltr'>qtdm</span> <span class='ocrx_word' id='word_1_192' title='bbox 178 2456 278 2514; x_wconf 76' lang='lat' dir='ltr'>militiae</span> <span class='ocrx_word' id='word_1_193' title='bbox 290 2457 433 2534; x_wconf 71' lang='lat' dir='ltr'>gerebatur.</span> <span class='ocrx_word' id='word_1_194' title='bbox 471 2452 594 2513; x_wconf 87' lang='lat' dir='ltr'>Censores</span> <span class='ocrx_word' id='word_1_195' title='bbox 611 2455 685 2513; x_wconf 76' lang='lat' dir='ltr'>vacui</span> <span class='ocrx_word' id='word_1_196' title='bbox 704 2453 735 2510; x_wconf 79' lang='lat' dir='ltr'>ab</span> <span class='ocrx_word' id='word_1_197' title='bbox 751 2473 814 2531; x_wconf 85' lang='lat' dir='ltr'>ope·</span> 
     </span>
     <span class='ocr_line' id='line_1_30' title="bbox 83 2535 814 2614; baseline -0.005 -19"><span class='ocrx_word' id='word_1_198' title='bbox 83 2552 143 2595; x_wconf 80' lang='lat' dir='ltr'>rum</span> <span class='ocrx_word' id='word_1_199' title='bbox 155 2536 326 2595; x_wconf 77' lang='lat' dir='ltr'>locandorum</span> <span class='ocrx_word' id='word_1_200' title='bbox 341 2557 409 2600; x_wconf 82' lang='lat' dir='ltr'>curs,</span> <span class='ocrx_word' id='word_1_201' title='bbox 428 2554 531 2614; x_wconf 88' lang='lat' dir='ltr'>propter</span> <span class='ocrx_word' id='word_1_202' title='bbox 543 2537 657 2613; x_wconf 80' lang='lat' dir='ltr'>inopiam</span> <span class='ocrx_word' id='word_1_203' title='bbox 677 2536 762 2597; x_wconf 73' lang='lat' dir='ltr'>cerarii,</span> <span class='ocrx_word' id='word_1_204' title='bbox 784 2535 814 2591; x_wconf 83' lang='lat' dir='ltr'>ad</span> 
     </span>
     <span class='ocr_line' id='line_1_31' title="bbox 82 2616 840 2697; baseline -0.004 -22"><span class='ocrx_word' id='word_1_205' title='bbox 82 2636 171 2677; x_wconf 80' lang='lat' dir='ltr'>morer</span> <span class='ocrx_word' id='word_1_206' title='bbox 189 2618 333 2677; x_wconf 87' lang='lat' dir='ltr'>bominum</span> <span class='ocrx_word' id='word_1_207' title='bbox 360 2620 485 2697; x_wconf 80' lang='lat' dir='ltr'>regendos</span> <span class='ocrx_word' id='word_1_208' title='bbox 507 2620 624 2675; x_wconf 74' lang='lat' dir='ltr'>animum</span> <span class='ocrx_word' id='word_1_209' title='bbox 647 2616 840 2679; x_wconf 81' lang='lat' dir='ltr'>adverterunt,-</span> 
     </span>
     <span class='ocr_line' id='line_1_32' title="bbox 81 2697 816 2779; baseline -0.007 -22"><span class='ocrx_word' id='word_1_210' title='bbox 81 2700 278 2779; x_wconf 72' lang='lat' dir='ltr'>castigandaque</span> <span class='ocrx_word' id='word_1_211' title='bbox 292 2702 370 2764; x_wconf 69' lang='lat' dir='ltr'>vitias</span> <span class='ocrx_word' id='word_1_212' title='bbox 390 2720 457 2776; x_wconf 84' lang='lat' dir='ltr'>quae,</span> <span class='ocrx_word' id='word_1_213' title='bbox 473 2698 542 2757; x_wconf 85' lang='lat' dir='ltr'>velut</span> <span class='ocrx_word' id='word_1_214' title='bbox 556 2698 659 2755; x_wconf 82' lang='lat' dir='ltr'>diutinis</span> <span class='ocrx_word' id='word_1_215' title='bbox 671 2697 769 2753; x_wconf 86' lang='lat' dir='ltr'>morbis</span> <span class='ocrx_word' id='word_1_216' title='bbox 783 2716 816 2752; x_wconf 80' lang='lat' dir='ltr'>ue·</span> 
     </span>
     <span class='ocr_line' id='line_1_33' title="bbox 80 2778 817 2939; baseline -0.012 -20"><span class='ocrx_word' id='word_1_217' title='bbox 80 2778 817 2939; x_wconf 50' lang='lat' dir='ltr'>{astititiisslllilbl‘liinlisit</span> 
     </span>
    </p>
   </div>
   <div class='ocr_carea' id='block_1_3' title="bbox 82 2933 870 3101">
    <p class='ocr_par' dir='ltr' id='par_1_4' title="bbox 82 2933 870 3101">
     <span class='ocr_line' id='line_1_34' title="bbox 82 2933 818 3018; baseline -0.014 -16"><span class='ocrx_word' id='word_1_218' title='bbox 82 2942 273 3018; x_wconf 67' lang='lat' dir='ltr'>rempublicam</span> <span class='ocrx_word' id='word_1_219' title='bbox 285 2942 423 3010; x_wconf 80' lang='lat' dir='ltr'>deseruisse,</span> <span class='ocrx_word' id='word_1_220' title='bbox 433 2942 554 3017; x_wconf 71' lang='lat' dir='ltr'>Iulioque</span> <span class='ocrx_word' id='word_1_221' title='bbox 565 2935 691 2999; x_wconf 71' lang='lat' dir='ltr'>excessisse</span> <span class='ocrx_word' id='word_1_222' title='bbox 702 2933 765 2989; x_wconf 85' lang='lat' dir='ltr'>uelle</span> <span class='ocrx_word' id='word_1_223' title='bbox 779 2937 818 2992; x_wconf 88' lang='lat' dir='ltr'>di-</span> 
     </span>
     <span class='ocr_line' id='line_1_35' title="bbox 130 3012 870 3101; baseline -0.031 -4"><span class='ocrx_word' id='word_1_224' title='bbox 130 3038 133 3043; x_wconf 80' lang='lat'>&#39;</span> <span class='ocrx_word' id='word_1_225' title='bbox 483 3028 512 3085; x_wconf 81' lang='lat' dir='ltr'>ll</span> <span class='ocrx_word' id='word_1_226' title='bbox 535 3044 556 3101; x_wconf 72' lang='lat'>4</span> <span class='ocrx_word' id='word_1_227' title='bbox 702 3012 844 3076; x_wconf 58' lang='lat' dir='ltr'>tenuntur.</span> <span class='ocrx_word' id='word_1_228' title='bbox 867 3052 870 3057; x_wconf 94' lang='lat'><em>-</em></span> 
     </span>
    </p>
   </div>
   <div class='ocr_carea' id='block_1_4' title="bbox 0 0 912 3316">
    <p class='ocr_par' dir='ltr' id='par_1_5' title="bbox 0 0 912 3316">
     <span class='ocr_line' id='line_1_36' title="bbox 0 0 912 3316; baseline 0 1"><span class='ocrx_word' id='word_1_229' title='bbox 0 0 912 3316; x_wconf 95' lang='lat' dir='ltr'> </span> 
     </span>
    </p>
   </div>
  </div>
 </body>
</html>
