1814 3316
105 207 165 292 184
320 201 584 271 nnrvrr

99 308 273 390 intersepiebat
291 307 412 373 Insulam,
439 308 560 368 consensu
582 310 707 368 omniurn
729 311 819 388 dejesta

101 399 146 453 est.
165 395 257 453 secutae
274 395 301 450 δι
320 407 409 450 ceterae
420 410 459 448 res
473 392 539 449 banc
556 392 753 451 inclinationem
770 393 818 451 ani·

97 495 206 535 morum
228 476 259 533 ad
280 472 430 532 libertatem.
473 474 646 549 Hippocrates
663 488 744 553 atque
765 476 819 552 Epi·

97 559 183 635 cydes,
203 557 287 616 audita
299 572 385 614 morte
397 557 506 633 tyranni,
524 573 604 631 quam
619 549 785 634 Hippocr'atet
795 573 817 615 e·

95 642 162 698 tiam
187 640 285 697 nuncio
303 636 440 695 interfecto
460 635 539 694 celare
556 634 682 701 voluerat,
708 635 817 697 desertii

97 721 231 785 militibus,
251 719 310 797 quia
326 719 351 776 id
370 716 524 776 tutiffimum
537 735 570 773 err
581 717 748 792 praesentibus
757 719 816 776 rile-

96 803 179 869 batur,
194 798 325 880 Syracusas
344 800 446 858 rediere.
465 798 508 856 ubi
526 816 560 854 ne
578 798 691 874 suspeffl
712 798 816 858 observa·

95 901 191 948 rentur,
212 900 334 960 tanquam
351 882 464 939 novandi
481 898 520 937 res
535 878 647 955 aliquam
661 882 814 939 occasionem

94 980 244 1045 quaerentes,
264 977 382 1040 pistores
399 957 525 1039 primltm,
551 961 645 1019 deinde
660 982 707 1039 per
723 982 766 1020 eos
784 961 815 1019 st·

93 1061 184 1107 natum
199 1047 301 1104 adeunt.
339 1042 380 1102 Ab
397 1042 518 1101 Annibale
535 1040 561 1098 se
581 1043 674 1101 missos
688 1045 815 1121 praedicant

93 1130 124 1187 ad
145 1130 348 1203 Hieronymum,
377 1138 503 1203 tanquam
521 1124 638 1183 amicum
660 1144 692 1183 ac
714 1125 814 1186 sociam.

89 1210 197 1289 paruisse
208 1210 317 1286 imperio
330 1208 395 1283 ejus,
416 1207 493 1282 cujus
509 1208 649 1283 imperator
661 1207 723 1265 suus
737 1207 815 1266 volue-

91 1294 133 1352 rit.
150 1292 212 1349 velle
228 1292 260 1349 ad
275 1288 425 1349 Annibalem
439 1290 527 1347 redire.
544 1285 658 1347 ceterlm
671 1305 756 1367 quum
774 1291 815 1348 iter

90 1389 180 1435 tutum
200 1392 255 1431 non
269 1374 308 1437 stt,
330 1371 478 1451 uagantibus
495 1368 586 1447 passim
600 1389 646 1447 per
659 1383 745 1430 totam
759 1371 815 1429 sici·

90 1456 151 1516 liam
170 1456 299 1514 Romanis
315 1455 402 1514 armis,
422 1471 506 1531 petere
527 1467 556 1509 ut
573 1452 682 1527 praefidii
701 1452 761 1512 dent
776 1452 814 1510 ali·

89 1538 159 1615 quid,
179 1555 234 1612 quo
247 1541 344 1593 Locros
358 1536 386 1591 in
399 1535 498 1593 ltaliam
512 1532 692 1609 perducantur.
712 1534 814 1613 gratiam

89 1635 216 1695 magnam
227 1635 272 1673 eos
282 1634 357 1690 parva
369 1635 447 1690 opera
458 1616 526 1691 apud
543 1614 692 1673 Annibalem
706 1616 814 1675 inituros.

88 1694 170 1757 Facile*
182 1717 221 1755 res
231 1698 376 1774 impetrata:
395 1696 463 1753 abire
475 1698 546 1753 enim
557 1698 635 1755 duces
644 1698 739 1779 regios,
756 1714 813 1757 cum

88 1782 184 1859 poitos
201 1780 307 1842 militiae,
335 1794 395 1836 turn
410 1795 514 1858 egentes
527 1778 630 1836 eosdem
646 1794 727 1858 atque
744 1780 814 1839 auda

88 1882 139 1927 ces,
163 1853 307 1938 cupiebant.
335 1858 386 1927 sed,
417 1863 488 1938 quod
509 1860 636 1926 volebant,
662 1879 720 1919 non
738 1859 813 1939 quim

87 1959 218 2004 maturato
228 1962 295 2019 opus
307 1959 369 2008 erat,
387 1945 483 2002 naviter
495 1942 671 2019 expediebant.
709 1945 813 2003 Interim

88 2027 195 2102 juvenes
214 2023 342 2090 militares,
362 2030 390 2084 δι
406 2025 491 2082 affireti
509 2022 640 2087 militibus,
659 2043 733 2084 nunc
750 2023 813 2103 apud

85 2126 131 2168 eos
143 2106 221 2186 ipsos,
239 2127 309 2166 nunc
323 2109 390 2185 apud
403 2106 552 2183 transfugas.
574 2124 688 2182 quorum
703 2110 814 2165 maxima

86 2208 143 2267 pars
162 2209 194 2249 ex
214 2188 341 2248 navalibus
360 2189 434 2247 sociis
455 2193 638 2247 Romanorum
662 2204 725 2254 erat,
747 2206 813 2246 nunc

85 2272 164 2328 etiam
177 2272 243 2344 apud
253 2272 352 2328 infimae
363 2270 441 2347 plebis
454 2270 572 2328 homines
584 2271 694 2329 crimina
705 2270 813 2329 serebant

85 2351 114 2406 in
133 2349 251 2406 senarum
268 2351 468 2427 optimatesque:
489 2352 514 2408 id
532 2350 618 2409 moliri
632 2350 700 2410 clam
716 2372 761 2411 eos
778 2368 812 2410 ar·

83 2448 135 2507 que
153 2430 254 2496 strum,
279 2446 307 2487 ut
324 2432 450 2507 Syracusis
462 2451 507 2510 per
520 2432 631 2509 speciem
649 2433 813 2493 reconciliata

82 2510 209 2568 societatis
222 2512 250 2568 in
265 2511 361 2567 ditione
373 2517 556 2573 Romanorum
572 2515 633 2578 liner
650 2515 712 2573 dein
726 2515 812 2579 ladio,

85 2595 113 2649 bt
128 2593 203 2663 pauci
214 2594 331 2651 nudiores
344 2593 446 2651 soederis
456 2596 570 2653 renovari
581 2597 760 2655 dominentur.

125 2676 229 2730 xxiv.
255 2677 304 2732 His
321 2677 450 2734 audiendis
469 2676 648 2755 credendisque
666 2691 811 2757 opportuna

84 2751 224 2812 multitudo
243 2758 329 2831 major
340 2758 419 2815 indier
433 2756 565 2834 Syracusas
581 2760 744 2820 confluebat:
766 2777 810 2817 nec

83 2837 233 2915 Hippocrati
247 2841 274 2895 δι
288 2838 395 2914 Epicydi
407 2836 489 2896 sollrm
500 2838 571 2917 spem
582 2844 762 2902 novandarum
773 2858 810 2898 re·

80 2935 151 2987 rum,
172 2917 214 2980 sed
227 2920 411 3002 dodranndoro
421 2921 500 2983 aaut
517 2921 651 3001 prebebat.
690 2925 746 2998 Qui
763 2920 809 2980 fes-

629 3049 633 3056 .
769 3002 812 3055 (ua
