1814 3316
161 172 514 244 oroorrxxrr.
645 179 689 272 ς,

49 282 126 343 ml.
151 284 214 363 Jam
232 284 261 341 δε
282 284 310 338 in
329 280 428 339 sinistro
450 302 532 340 cornu
554 282 694 351 Romano,

49 367 148 425 iorum
165 365 261 442 equites
281 363 394 421 adversus
414 365 545 423 Numidas
565 370 697 435 steterant.

49 468 107 508 ‚um
121 448 249 525 proelium
260 462 320 507 erat.
341 444 417 523 segne
427 443 521 521 primo,
543 448 571 508 &
584 448 601 509 ir
614 453 693 507 Puni·

49 544 132 609 ptum
157 526 254 585 fraude.
294 528 436 606 Quingenti
457 528 539 586 ferme
559 532 693 598 Numidae,

60 614 133 687 justa
146 629 220 668 arma
234 608 342 686 telaque,
360 610 457 687 gladios
470 608 587 669 occultos
596 611 642 669 sub
653 613 692 671 lo·

49 694 167 756 abentes,
193 692 274 769 specie
293 695 482 769 transfugarum
499 712 583 767 quum
598 692 629 751 ab
643 694 695 753 suis

49 778 226 913 tuln?
237 770 699 933 llllzlllllllll‘ffi:

50 956 79 997 m
140 938 224 1011 jeais,
245 937 273 991 in
289 936 401 991 mediam
419 936 502 993 aciem
521 938 628 1015 accepti,
646 940 696 997 du-

49 957 228 1081 :ndprultimos
247 1014 374 1075 confidere
388 1016 419 1073 ob
430 1032 505 1095 tergo
516 1018 645 1092 jubentur.
662 1041 693 1081 ac

50 1098 177 1181 prelium
197 1098 229 1157 ab
254 1100 329 1155 omni
351 1116 420 1175 parte
440 1098 591 1165 conseritur,
617 1104 699 1179 quieti

50 1198 123 1241 runt.
141 1182 280 1260 postquam
299 1184 422 1238 omnium
441 1182 542 1240 animos
557 1182 697 1263 oculosque

50 1278 134 1325 uverat
156 1280 294 1325 certamen,
319 1278 387 1327 tum,
416 1266 519 1339 arreptis
534 1264 620 1330 scuris,
638 1284 699 1341 quae

50 1348 138 1405 riores
150 1364 254 1403 acervos
272 1342 397 1401 caesorum
418 1363 561 1419 corporum
582 1346 656 1403 strata
671 1366 700 1403 e-

58 1424 171 1487 arersam
186 1427 336 1484 adoriuntur
356 1426 507 1483 Romanam
526 1427 621 1483 aciem:
649 1443 701 1484 ter·

50 1508 189 1571 :ftrienten
206 1528 236 1567 ac
248 1507 355 1585 poplites
374 1506 508 1571 credentes,
533 1506 642 1586 stragem
659 1510 700 1567 iu·

50 1610 83 1655 m,
102 1610 132 1649 rc
145 1590 276 1667 majorem
290 1588 417 1666 aliquanto
425 1607 547 1665 pavorem
560 1610 590 1649 rc
600 1590 702 1650 tumul·

52 1672 177 1731 fecerunt.
219 1676 310 1750 Quum
332 1668 390 1728 alibi
403 1684 483 1727 terror
503 1690 533 1729 ac
550 1670 621 1751 fuga,
642 1674 702 1732 alibi

50 1774 83 1813 ax
104 1756 131 1811 in
157 1751 223 1811 mala
241 1754 296 1828 jam
316 1750 359 1829 spe
370 1750 493 1827 prtelium
512 1754 586 1819 elletr
609 1754 703 1813 Aidru·

50 1838 82 1915 tui
95 1856 124 1894 ea
143 1848 214 1912 parte
225 1849 339 1911 praeerat,
362 1832 500 1892 subduntur
517 1852 549 1893 ex
569 1836 655 1893 media
673 1857 702 1895 a·

50 1920 179 1983 lumidas‚
212 1918 272 1993 quir
292 1915 374 1993 segnis
394 1934 487 1973 eorum
508 1936 571 1973 cum
595 1918 703 1976 adverso

50 2020 58 2059 ι
81 2015 151 2062 erat,
184 1998 215 2055 ad
244 1997 428 2075 persequendos
456 1996 548 2072 pallim
576 1996 705 2076 fugientes

50 2102 65 2143 .·.
110 2080 238 2157 Hispanos
264 2078 396 2139 &Gallos
419 2074 531 2154 pedites,
557 2077 613 2150 jam
638 2077 707 2134 Afris

73 2162 158 2229 feliis,
195 2162 264 2220 corde
292 2161 378 2237 magis
403 2156 484 2235 quim
505 2176 594 2236 pugna
613 2158 706 2235 adjun-

51 2330 116 2387 ux.
136 2328 210 2385 Parte
223 2322 296 2383 altera
314 2342 411 2401 pugnae
430 2320 537 2387 Paullus,
556 2340 705 2399 quanquam

51 2428 62 2466 a
82 2408 167 2467 statim
188 2406 280 2483 proelio
298 2404 375 2463 funda
396 2406 506 2483 graviter
524 2406 593 2461 iiius
615 2402 708 2470 fuerat,

51 2486 106 2549 u&
119 2490 230 2548 occurrit
242 2486 305 2563 [τρε
317 2506 380 2545 cum
394 2485 516 2543 confertis
529 2484 659 2551 Annibalir
678 2492 707 2545 δι

51 2584 74 2629 rt
85 2570 148 2629 loeis
161 2570 286 2649 proelium
299 2570 415 2632 restituit,
436 2565 626 2643 protegentibus
645 2586 707 2625 eum

51 2654 104 2711 ibus
125 2652 263 2710 Romanis.
284 2650 382 2707 omiffis
399 2646 531 2725 postremo
549 2647 630 2721 equis,
648 2650 709 2723 quia

51 2733 110 2793 ilem
126 2736 154 2794 &
169 2734 200 2791 ad
213 2731 352 2809 regendum
365 2748 463 2808 equum
473 2730 535 2785 uuor
547 2726 711 2787 deficiebant:

51 2814 216 2877 denuntianti
228 2812 329 2871 cuidam
341 2810 436 2889 juffiffe
449 2809 589 2871 consulem.
618 2810 650 2865 ad
666 2828 712 2883 pe·

666 2983 733 3029 M
