1814 3316
255 168 463 240 urssutt
503 114 627 240 XXV.¹
738 190 797 257 23³

65 270 249 353 &utrimque
260 277 377 334 flammae
395 274 462 335 surrt.
500 274 804 336 mnibrlfilenrioduce·

69 357 114 417 bat
123 358 156 417 ad
170 372 289 436 portam.
302 382 306 388 ·
327 359 399 416 Nico
411 375 443 414 etr
461 360 602 435 improviso
618 357 724 418 'udonus
736 358 804 435 sopl-

70 438 214 521 toatigiles
229 441 258 496 in
277 438 399 496 eubilibus
412 439 461 496 suis
479 441 623 505 obtruncat,
648 456 805 519 portamque

70 524 156 599 aperit.
199 520 311 579 Annibal
327 539 390 578 cunr
402 521 518 598 peditum
534 525 639 602 agmine
655 525 802 602 ingreditur,

64 606 167 680 'equites
185 601 318 669 subfilime
336 603 416 678 jubet,
442 619 480 667 ut,
498 603 552 680 qud
565 624 603 661 res
621 606 736 679 postulet,
755 623 803 662 oc-

70 702 170 742 otrrtre
181 685 264 742 libero
276 702 372 760 campo
383 683 492 760 pollent.
529 690 562 744 Et
571 685 730 742 Philemenus
742 704 806 761 por·

70 765 130 825 tole
144 766 283 844 putealia,
302 784 354 842 qua
367 784 515 823 commeare
533 768 646 831 alludat,
664 770 802 844 appropin-

71 847 172 923 quabat.
197 863 260 906 nota
280 848 415 921 nunejus,
439 853 466 906 δι
488 848 610 906 familiare
627 850 681 923 jam
697 849 799 926 srgnum

72 944 158 1003 quum
179 929 306 987 exeitallct
326 928 439 1006 vigilem,
468 929 581 994 dicentis,
618 933 661 987 vix
681 929 799 986 sustinere

74 1010 176 1085 grandis
192 1010 276 1069 bestiae
299 1028 374 1073 onus,
405 1011 503 1086 portula
523 1014 638 1087 aperitur.
665 1011 802 1069 inferentes

72 1106 158 1165 aprum
179 1091 248 1149 duos
267 1092 373 1164 juvenes
400 1092 499 1150 secutus
518 1094 570 1168 ipse
591 1112 655 1150 cum
680 1095 800 1170 expedito

68 1184 198 1237 *oratore
218 1172 333 1249 eigilem,
352 1172 475 1231 incautius
497 1176 621 1233 miraculo
641 1177 799 1254 magnitudi-

73 1252 106 1311 uia
117 1255 145 1313 io
161 1272 210 1311 eoa
230 1254 277 1330 qui
297 1253 409 1313 ferebant
426 1253 538 1318 versum,
555 1255 680 1313 venabulo
694 1257 798 1329 trajicit.

73 1330 168 1415 bgrelir
189 1334 284 1393 deinde
301 1337 405 1416 triginta
425 1337 479 1394 lere
491 1338 584 1394 armati
597 1351 694 1394 ceteros
710 1338 799 1415 vigiles

71 1414 231 1481 ubrnrncant,
249 1415 445 1497 refringuntque
462 1434 564 1494 portam
589 1419 745 1495 proximam.
770 1422 798 1477 bc

69 1512 161 1577 {rnen
175 1498 224 1556 sub
244 1498 322 1576 lignis
338 1500 472 1556 confestim
489 1499 587 1575 irrupit.
611 1500 669 1555 inde
689 1518 750 1556 eum
767 1499 799 1556 sr-

63 1570 145 1638 hrrlo
155 1581 184 1638 iu
197 1579 286 1638 forum
300 1580 381 1643 tueri,
401 1579 517 1637 Annibali
531 1579 581 1638 sese
599 1581 799 1655 conjunxerunt.

61 1657 135 1721 Qum
149 1659 256 1721 duobus
267 1661 377 1719 millibus
387 1661 520 1721 Gallorum
538 1664 636 1719 Poenus
653 1663 680 1721 in
697 1679 747 1721 trec
757 1664 797 1719 di·

60 1742 118 1803 rifi·
135 1758 232 1822 puteo,
254 1762 298 1821 per
311 1743 401 1801 urbem
412 1743 520 1802 dimittit
531 1745 693 1809 Tarentinos,
711 1751 739 1804 dt
754 1746 796 1802 iti·

60 1835 121 1887 flua
133 1823 218 1904 quim
232 1819 349 1883 maximi
362 1825 502 1904 frequentia
514 1844 638 1903 occupare
653 1827 739 1901 jubet:
755 1842 797 1884 tu·

60 1907 150 1967 mulin
159 1921 233 1973 mo,
250 1909 386 1964 Romanos
399 1907 489 1985 pallrm
501 1909 572 1971 caedi,
590 1909 724 1984 oppidanis
739 1928 795 1984 par·

60 1990 92 2049 ti.
110 1988 157 2047 sod
169 2005 200 2048 ut
212 1989 267 2047 sreri
280 1989 305 2046 id
320 1989 409 2066 pollet,
426 1990 540 2066 praecipit
553 1990 687 2064 juvenibus
699 1996 797 2049 Taren·

60 2070 130 2137 im‘e,
148 2085 190 2136 ut,
212 2069 257 2128 uhi
274 2089 353 2148 quem
368 2070 473 2129 suorum
487 2070 576 2148 procul
586 2070 711 2137 vidissent,
723 2072 797 2148 quie·

60 2146 127 2213 ine
139 2156 169 2213 bt
184 2150 257 2209 filete
272 2171 302 2210 ac
312 2150 383 2210 bono
393 2153 483 2211 animo
493 2151 542 2206 eise
559 2150 685 2226 juberent.

96 2236 140 2293 X.
164 2235 229 2312 Jam
249 2233 377 2293 tumultur
396 2248 449 2291 etat
469 2230 624 2307 clamorque,
649 2232 727 2312 qualit
743 2233 794 2293 ell'e

60 2334 81 2373 rr
94 2328 176 2392 capta
186 2313 251 2373 urbe
264 2312 324 2374 solet
339 2337 346 2373 ι
372 2313 412 2373 sed
426 2314 487 2390 quid
503 2312 538 2370 rei
548 2313 617 2379 effer,
637 2333 718 2374 tremo
735 2317 793 2375 satir

60 2414 103 2455 ro
117 2393 274 2455 cetoscire.
313 2396 444 2455 Tarentini
467 2399 604 2454 Romanor
625 2398 656 2455 ad
674 2400 793 2477 diripien-

60 2479 121 2537 lam
134 2474 227 2535 urbem
243 2478 345 2534 credere
358 2492 478 2535 coortos:
502 2480 629 2536 Romanis
645 2478 733 2538 seditio
748 2482 794 2538 ali·

60 2576 109 2638 'ua
133 2574 196 2615 cum
216 2556 305 2616 fraude
324 2558 402 2615 viden·
417 2555 448 2614 ab
461 2560 592 2634 oppidanis
606 2577 688 2619 mota.
729 2566 794 2619 ttae

60 2640 143 2701 ὐἂυῐ
155 2637 247 2715 primi>
256 2641 381 2697 excitatur
393 2639 506 2697 tumultu
519 2640 546 2697 in
564 2656 670 2719 portum
684 2640 792 2718 effugit:

60 2720 113 2781 nde
138 2735 263 2797 aceeptus
292 2720 384 2797 scapha
416 2721 443 2776 in
468 2740 553 2778 arcem
584 2721 793 2784 circumvehitur.
818 2793 820 2797 Α

60 2804 194 2861 llur'orerrr
211 2805 241 2859 δι
253 2802 314 2860 tuba
328 2804 411 2859 audita
423 2820 455 2859 ex
474 2802 574 2859 theatro
586 2802 702 2861 faciebrr.
726 2822 792 2859 narn

60 2884 221 2944 {Romam
234 2880 317 2948 emti
335 2881 504 2962 proditoribus
520 2883 551 2940 ad
565 2883 617 2943 hoc
628 2882 712 2963 ipsunt
728 2901 792 2955 prae

680 2974 790 3039 paratur
