1814 3316
126 133 337 207 LIBER
385 133 513 202 XXIV.
624 138 685 223 189

48 246 126 308 tenda
141 265 171 305 re
184 244 256 309 ellet
281 241 414 321 postremo
432 246 496 301 violi
509 242 641 309 consensu,
659 252 688 306 nc

49 350 109 390 rem
130 342 284 390 metuentes,
312 326 542 401 pronunciantem
563 342 691 403 praetoret.

49 414 73 473 lli
93 408 183 489 primo
201 408 288 465 statim
303 408 379 464 creati
392 407 486 465 nudare
496 409 559 485 quid
576 410 691 467 vellent:

49 512 111 554 uam
128 510 197 571 aegre
218 488 340 547 ferebant.
370 492 398 547 &
418 490 452 546 de
465 490 572 549 induciis
590 492 691 549 dierum

63 576 165 669 legatos
175 571 220 629 lise
230 569 261 627 ad
273 571 389 645 Appium
406 570 542 629 Claudium
554 594 563 637 t
584 576 621 637 &‚
639 573 692 631 im·

50 674 122 719 sert,
142 654 214 715 alios,
232 652 276 728 qni
290 651 322 707 de
335 650 432 708 foedere
449 654 555 730 antiquo
568 672 694 711 renotan-

49 753 124 801 rent,
141 736 239 794 miffos.
278 732 317 789 Ad
331 735 506 811 Murgantiam
520 749 578 792 tum
592 733 694 794 claffem

49 838 73 877 n
86 832 196 879 ctutum
216 819 353 871 Romanus
367 813 485 880 habebat,
506 834 624 892 quonam
635 835 696 876 evn-

48 922 56 962 :
74 914 164 959 motus
185 915 216 955 ex
232 894 340 953 caedibus
360 908 529 970 tyrannorum
556 900 609 955 orti
622 902 697 975 Syra·

59 1000 146 1061 quove
155 998 201 1037 eos
213 990 298 1055 ageret
311 993 381 1034 nova
392 992 468 1055 atque
480 978 578 1039 insolita
589 978 699 1047 liberta«.

49 1066 112 1123 leun.
150 1058 310 1141 Pepeosdem
326 1060 379 1117 dier
395 1079 479 1136 quum
493 1061 524 1120 ad
539 1062 699 1129 Marcellum.

49 1162 119 1205 rtem
134 1144 162 1201 in
182 1140 306 1205 siciliam,
329 1140 404 1218 legati
422 1142 569 1219 Syraculani
585 1144 653 1201 milii
666 1144 698 1203 ab

49 1250 56 1284 r
69 1225 166 1285 effent:
200 1222 291 1280 auditis
304 1222 493 1293 conditionibus
505 1227 573 1301 pacis
591 1224 700 1285 Marcel·

50 1306 97 1369 oll'e
110 1324 168 1363 rem
180 1304 317 1361 convenire
328 1318 405 1368 ratus,
426 1309 455 1363 δι
470 1306 522 1381 ipse
539 1306 636 1385 legatos
653 1310 701 1383 Sp·

50 1394 82 1455 it,
100 1390 146 1465 qui
164 1404 252 1443 noram
266 1404 330 1442 cum
344 1384 491 1459 praetoribus
512 1388 544 1443 de
557 1388 704 1445 renouando

50 1490 74 1531 re
89 1483 202 1549 agerent,
229 1468 307 1525 misit.
351 1469 385 1524 Et
405 1468 461 1541 jam
484 1467 519 1524 ibi
539 1486 703 1545 nequaquam

50 1572 64 1611 n
75 1552 148 1633 quies
158 1554 187 1610 &
198 1546 360 1623 tranquillitas
369 1564 430 1606 erat.
436 1550 571 1627 postquam
580 1551 705 1608 Punicam

50 1653 79 1693 m
101 1632 226 1692 accessisse
239 1630 388 1705 Pachynum
401 1630 506 1689 allatum
524 1633 570 1697 est,
597 1632 706 1710 dempto

50 1734 81 1781 n,
101 1716 267 1791 Hippocrates
280 1716 307 1771 &
321 1713 454 1788 Epicydes,
473 1730 542 1772 nnnc
552 1714 620 1791 apud
639 1734 709 1773 mer·

50 1798 94 1855 ios
108 1796 209 1859 militet,
230 1811 301 1852 nunc
315 1794 381 1870 apud
395 1792 546 1873 transfugas,
563 1796 636 1872 prodi
650 1800 707 1855 Ro·

50 1876 218 1955 asymcusas,
235 1875 445 1935 criminabantur.
486 1880 525 1936 Ut
537 1876 598 1935 nero
610 1879 710 1954 Appius

50 1960 102 2019 rad
115 1959 210 2019 ostium
225 1970 323 2033 portus,
340 1975 395 2033 quo
407 1956 462 2014 aliz
473 1960 552 2035 partis
560 1958 712 2018 hominibus

51 2058 85 2100 ur
96 2040 234 2103 accederet
252 2039 280 2095 in
294 2038 401 2096 (latione
413 2038 503 2096 habere
513 2040 603 2117 caepit,
621 2042 712 2119 ingens

50 2124 141 2191 reniero
162 2118 313 2179 criminibus
330 2121 402 2177 vanis
420 2122 552 2179 acccll'emt
568 2120 652 2177 fider:
679 2139 712 2179 ac

52 2204 167 2265 oniam
187 2197 345 2259 tumultuose
365 2200 507 2261 &ormont
525 2200 667 2260 multitudo
680 2202 713 2260 ad

51 2284 166 2350 foetidos,
187 2284 245 2341 srin
258 2296 351 2341 terram
368 2283 553 2363 cgrodmentur.

51 2368 159 2427 xvtn.
183 2367 216 2424 ln
234 2364 282 2423 lrac
298 2364 440 2423 turbatione
453 2385 541 2425 rerum
559 2368 586 2423 in
609 2367 714 2425 concio-

51 2449 152 2507 .noctti
167 2446 269 2523 placuit.
302 2444 346 2502 ubi
359 2465 442 2523 quum
457 2446 499 2506 alii
512 2445 561 2506 alicl
576 2450 717 2514 tendat-nt.

51 2526 142 2607 promi
157 2528 278 2587 seditione
290 2544 330 2583 ret
347 2530 417 2593 ess‘et,
434 2528 605 2605 Apolloniden,
622 2530 718 2605 princi-

51 2628 150 2673 rtunus,
176 2608 322 2667 orationem
337 2606 481 2676 salutarem,
498 2612 569 2669 utin
587 2609 630 2669 tali
646 2626 718 2670 tern-

51 2714 64 2758 e,
84 2690 191 2751 lubuit:
211 2710 255 2749 ner
266 2693 338 2769 spem
349 2692 451 2767 fabro,
467 2710 512 2749 mc
519 2692 649 2768 proruam
663 2708 720 2772 pro·

51 2792 82 2831 an
111 2790 227 2854 unquam
247 2774 346 2830 civitati
360 2774 408 2831 ulli
417 2772 501 2853 fmffl.
541 2776 568 2829 Si
586 2774 651 2830 erim
670 2792 720 2831 rure

51 2852 722 2991 ummrveldssmmvtladcmhagisigsg
