<?xml version="1.0" encoding="UTF-8"?>
<!DOCTYPE html PUBLIC "-//W3C//DTD XHTML 1.0 Transitional//EN"
    "http://www.w3.org/TR/xhtml1/DTD/xhtml1-transitional.dtd">
<html xmlns="http://www.w3.org/1999/xhtml" xml:lang="en" lang="en">
 <head>
  <title>
</title>
<meta http-equiv="Content-Type" content="text/html;charset=utf-8" />
  <meta name='ocr-system' content='tesseract 3.04.00' />
  <meta name='ocr-capabilities' content='ocr_page ocr_carea ocr_par ocr_line ocrx_word'/>
</head>
<body>
  <div class='ocr_page' id='page_1' title='image "./tliviipatavinih02livygoog_0107.png"; bbox 0 0 1814 3316; ppageno 0'>
   <div class='ocr_carea' id='block_1_1' title="bbox 83 242 587 333">
    <p class='ocr_par' dir='ltr' id='par_1_1' title="bbox 83 242 587 333">
     <span class='ocr_line' id='line_1_1' title="bbox 83 242 587 333; baseline -0.006 -17"><span class='ocrx_word' id='word_1_1' title='bbox 83 268 142 317; x_wconf 70' lang='grc' dir='ltr'>ιη</span> <span class='ocrx_word' id='word_1_2' title='bbox 216 326 220 333; x_wconf 47' lang='grc'><strong>,</strong></span> <span class='ocrx_word' id='word_1_3' title='bbox 305 242 349 311; x_wconf 80' lang='lat' dir='ltr'>r.</span> <span class='ocrx_word' id='word_1_4' title='bbox 393 246 587 316; x_wconf 81' lang='lat' dir='ltr'>nivii</span> 
     </span>
    </p>
   </div>
   <div class='ocr_carea' id='block_1_2' title="bbox 75 355 848 3103">
    <p class='ocr_par' dir='ltr' id='par_1_2' title="bbox 75 355 848 3103">
     <span class='ocr_line' id='line_1_2' title="bbox 75 355 814 437; baseline 0.001 -18"><span class='ocrx_word' id='word_1_5' title='bbox 75 360 149 437; x_wconf 87' lang='lat' dir='ltr'>tique</span> <span class='ocrx_word' id='word_1_6' title='bbox 166 361 260 419; x_wconf 87' lang='lat' dir='ltr'>iterum</span> <span class='ocrx_word' id='word_1_7' title='bbox 277 355 292 415; x_wconf 82' lang='lat' dir='ltr'>i</span> <span class='ocrx_word' id='word_1_8' title='bbox 311 358 401 416; x_wconf 79' lang='lat' dir='ltr'>Manio</span> <span class='ocrx_word' id='word_1_9' title='bbox 419 358 567 437; x_wconf 89' lang='lat' dir='ltr'>Pomponio</span> <span class='ocrx_word' id='word_1_10' title='bbox 586 370 698 433; x_wconf 85' lang='lat' dir='ltr'>praetore</span> <span class='ocrx_word' id='word_1_11' title='bbox 715 355 814 420; x_wconf 70' lang='lat' dir='ltr'>trunci</span> 
     </span>
     <span class='ocr_line' id='line_1_3' title="bbox 78 438 809 516; baseline 0.001 -16"><span class='ocrx_word' id='word_1_12' title='bbox 78 442 269 516; x_wconf 70' lang='lat' dir='ltr'>circumspetiis</span> <span class='ocrx_word' id='word_1_13' title='bbox 287 439 410 496; x_wconf 84' lang='lat' dir='ltr'>omnibus</span> <span class='ocrx_word' id='word_1_14' title='bbox 428 441 529 516; x_wconf 91' lang='lat' dir='ltr'>imperii</span> <span class='ocrx_word' id='word_1_15' title='bbox 547 439 653 505; x_wconf 83' lang='lat' dir='ltr'>viribus,</span> <span class='ocrx_word' id='word_1_16' title='bbox 677 438 752 498; x_wconf 88' lang='lat' dir='ltr'>fateri</span> <span class='ocrx_word' id='word_1_17' title='bbox 765 460 809 501; x_wconf 87' lang='lat' dir='ltr'>oo·</span> 
     </span>
     <span class='ocr_line' id='line_1_4' title="bbox 79 520 813 599; baseline 0.003 -20"><span class='ocrx_word' id='word_1_18' title='bbox 79 524 140 589; x_wconf 74' lang='lat' dir='ltr'>atti,</span> <span class='ocrx_word' id='word_1_19' title='bbox 159 523 222 581; x_wconf 89' lang='lat' dir='ltr'>nihil</span> <span class='ocrx_word' id='word_1_20' title='bbox 239 524 296 597; x_wconf 86' lang='lat' dir='ltr'>jam</span> <span class='ocrx_word' id='word_1_21' title='bbox 310 520 457 599; x_wconf 84' lang='lat' dir='ltr'>longinquis</span> <span class='ocrx_word' id='word_1_22' title='bbox 473 520 546 579; x_wconf 75' lang='lat' dir='ltr'>sociis</span> <span class='ocrx_word' id='word_1_23' title='bbox 565 522 592 577; x_wconf 94' lang='lat' dir='ltr'>in</span> <span class='ocrx_word' id='word_1_24' title='bbox 614 520 763 598; x_wconf 77' lang='lat' dir='ltr'>sepraefidii</span> <span class='ocrx_word' id='word_1_25' title='bbox 774 520 813 581; x_wconf 70' lang='lat' dir='ltr'>ei·</span> 
     </span>
     <span class='ocr_line' id='line_1_5' title="bbox 78 602 808 681; baseline 0 -20"><span class='ocrx_word' id='word_1_26' title='bbox 78 604 124 669; x_wconf 64' lang='grc' dir='ltr'>[ες</span> <span class='ocrx_word' id='word_1_27' title='bbox 151 605 230 661; x_wconf 88' lang='lat' dir='ltr'>redire</span> <span class='ocrx_word' id='word_1_28' title='bbox 249 604 372 665; x_wconf 89' lang='lat' dir='ltr'>domum,</span> <span class='ocrx_word' id='word_1_29' title='bbox 394 604 494 681; x_wconf 86' lang='lat' dir='ltr'>fideque</span> <span class='ocrx_word' id='word_1_30' title='bbox 512 602 543 659; x_wconf 89' lang='lat' dir='ltr'>ad</span> <span class='ocrx_word' id='word_1_31' title='bbox 563 602 692 660; x_wconf 82' lang='lat' dir='ltr'>ultimum</span> <span class='ocrx_word' id='word_1_32' title='bbox 706 602 808 679; x_wconf 78' lang='lat' dir='ltr'>expleti.</span> 
     </span>
     <span class='ocr_line' id='line_1_6' title="bbox 77 682 809 761; baseline 0.001 -18"><span class='ocrx_word' id='word_1_33' title='bbox 77 684 206 743; x_wconf 87' lang='lat' dir='ltr'>consulere</span> <span class='ocrx_word' id='word_1_34' title='bbox 218 684 319 742; x_wconf 81' lang='lat' dir='ltr'>sibimet</span> <span class='ocrx_word' id='word_1_35' title='bbox 332 683 399 760; x_wconf 84' lang='lat' dir='ltr'>ipsos</span> <span class='ocrx_word' id='word_1_36' title='bbox 414 688 441 742; x_wconf 94' lang='lat' dir='ltr'>in</span> <span class='ocrx_word' id='word_1_37' title='bbox 459 682 587 761; x_wconf 86' lang='lat' dir='ltr'>reliquum</span> <span class='ocrx_word' id='word_1_38' title='bbox 600 684 722 761; x_wconf 76' lang='lat' dir='ltr'>praesenti</span> <span class='ocrx_word' id='word_1_39' title='bbox 731 684 809 743; x_wconf 81' lang='lat' dir='ltr'>sotto·</span> 
     </span>
     <span class='ocr_line' id='line_1_7' title="bbox 79 764 847 848; baseline 0.003 -25"><span class='ocrx_word' id='word_1_40' title='bbox 79 786 113 823; x_wconf 86' lang='lat' dir='ltr'>na</span> <span class='ocrx_word' id='word_1_41' title='bbox 129 766 263 841; x_wconf 82' lang='lat' dir='ltr'>jusserunt.</span> <span class='ocrx_word' id='word_1_42' title='bbox 302 770 365 823; x_wconf 81' lang='lat' dir='ltr'>Haec</span> <span class='ocrx_word' id='word_1_43' title='bbox 383 768 549 841; x_wconf 86' lang='lat' dir='ltr'>posteaquam</span> <span class='ocrx_word' id='word_1_44' title='bbox 566 784 594 821; x_wconf 89' lang='lat' dir='ltr'>re</span> <span class='ocrx_word' id='word_1_45' title='bbox 606 764 733 825; x_wconf 86' lang='lat' dir='ltr'>nunciata</span> <span class='ocrx_word' id='word_1_46' title='bbox 747 766 807 846; x_wconf 77' lang='lat' dir='ltr'>iega-</span> <span class='ocrx_word' id='word_1_47' title='bbox 845 833 847 848; x_wconf 43' lang='grc' dir='ltr'>Ι</span> 
     </span>
     <span class='ocr_line' id='line_1_8' title="bbox 76 847 847 925; baseline -0.001 -19"><span class='ocrx_word' id='word_1_48' title='bbox 76 850 115 906; x_wconf 92' lang='lat' dir='ltr'>tio</span> <span class='ocrx_word' id='word_1_49' title='bbox 138 847 260 907; x_wconf 80' lang='lat' dir='ltr'>Petelinis</span> <span class='ocrx_word' id='word_1_50' title='bbox 275 848 320 911; x_wconf 87' lang='lat' dir='ltr'>est,</span> <span class='ocrx_word' id='word_1_51' title='bbox 343 862 430 905; x_wconf 87' lang='lat' dir='ltr'>tantus</span> <span class='ocrx_word' id='word_1_52' title='bbox 444 862 547 925; x_wconf 85' lang='lat' dir='ltr'>repente</span> <span class='ocrx_word' id='word_1_53' title='bbox 562 860 670 905; x_wconf 83' lang='lat' dir='ltr'>tnoetor</span> <span class='ocrx_word' id='word_1_54' title='bbox 683 864 815 925; x_wconf 74' lang='lat' dir='ltr'>pavorqrre</span> <span class='ocrx_word' id='word_1_55' title='bbox 844 855 847 896; x_wconf 68' lang='grc' dir='ltr'><strong><em>ὲ</em></strong></span> 
     </span>
     <span class='ocr_line' id='line_1_9' title="bbox 79 924 809 1007; baseline 0 -20"><span class='ocrx_word' id='word_1_56' title='bbox 79 927 197 989; x_wconf 83' lang='lat' dir='ltr'>senatum</span> <span class='ocrx_word' id='word_1_57' title='bbox 209 948 301 987; x_wconf 84' lang='lat' dir='ltr'>eorum</span> <span class='ocrx_word' id='word_1_58' title='bbox 316 929 392 1005; x_wconf 83' lang='lat' dir='ltr'>cepit,</span> <span class='ocrx_word' id='word_1_59' title='bbox 405 946 434 987; x_wconf 91' lang='lat' dir='ltr'>ut</span> <span class='ocrx_word' id='word_1_60' title='bbox 444 947 500 1005; x_wconf 80' lang='lat' dir='ltr'>pars</span> <span class='ocrx_word' id='word_1_61' title='bbox 506 926 671 1007; x_wconf 80' lang='lat' dir='ltr'>profugiendi</span> <span class='ocrx_word' id='word_1_62' title='bbox 683 924 735 1005; x_wconf 80' lang='lat' dir='ltr'>qui</span> <span class='ocrx_word' id='word_1_63' title='bbox 747 926 809 1005; x_wconf 86' lang='lat' dir='ltr'>quis·</span> 
     </span>
     <span class='ocr_line' id='line_1_10' title="bbox 79 1008 809 1088; baseline 0.003 -21"><span class='ocrx_word' id='word_1_64' title='bbox 79 1031 131 1088; x_wconf 88' lang='lat' dir='ltr'>que</span> <span class='ocrx_word' id='word_1_65' title='bbox 142 1012 231 1088; x_wconf 70' lang='lat' dir='ltr'>posset,</span> <span class='ocrx_word' id='word_1_66' title='bbox 244 1028 274 1067; x_wconf 87' lang='lat' dir='ltr'>ac</span> <span class='ocrx_word' id='word_1_67' title='bbox 284 1008 424 1069; x_wconf 84' lang='lat' dir='ltr'>deserendae</span> <span class='ocrx_word' id='word_1_68' title='bbox 431 1008 498 1067; x_wconf 86' lang='lat' dir='ltr'>urbis</span> <span class='ocrx_word' id='word_1_69' title='bbox 509 1009 626 1067; x_wconf 76' lang='lat' dir='ltr'>austures</span> <span class='ocrx_word' id='word_1_70' title='bbox 636 1010 734 1075; x_wconf 69' lang='lat' dir='ltr'>essents</span> <span class='ocrx_word' id='word_1_71' title='bbox 749 1027 809 1087; x_wconf 79' lang='lat' dir='ltr'>pm.</span> 
     </span>
     <span class='ocr_line' id='line_1_11' title="bbox 79 1088 809 1170; baseline 0.001 -21"><span class='ocrx_word' id='word_1_72' title='bbox 79 1093 184 1169; x_wconf 90' lang='lat' dir='ltr'>quaudo</span> <span class='ocrx_word' id='word_1_73' title='bbox 202 1090 318 1149; x_wconf 78' lang='lat' dir='ltr'>desertii</span> <span class='ocrx_word' id='word_1_74' title='bbox 336 1091 461 1149; x_wconf 82' lang='lat' dir='ltr'>veteribus</span> <span class='ocrx_word' id='word_1_75' title='bbox 478 1090 552 1149; x_wconf 87' lang='lat' dir='ltr'>sociis</span> <span class='ocrx_word' id='word_1_76' title='bbox 564 1088 653 1155; x_wconf 84' lang='lat' dir='ltr'>effent,</span> <span class='ocrx_word' id='word_1_77' title='bbox 672 1090 809 1170; x_wconf 83' lang='lat' dir='ltr'>adjungen-</span> 
     </span>
     <span class='ocr_line' id='line_1_12' title="bbox 80 1171 808 1249; baseline 0.004 -19"><span class='ocrx_word' id='word_1_78' title='bbox 80 1174 108 1230; x_wconf 90' lang='lat' dir='ltr'>di</span> <span class='ocrx_word' id='word_1_79' title='bbox 122 1172 147 1229; x_wconf 84' lang='lat' dir='ltr'>se</span> <span class='ocrx_word' id='word_1_80' title='bbox 159 1173 248 1230; x_wconf 86' lang='lat' dir='ltr'>ceteris</span> <span class='ocrx_word' id='word_1_81' title='bbox 261 1173 370 1236; x_wconf 88' lang='lat' dir='ltr'>Bruttiis,</span> <span class='ocrx_word' id='word_1_82' title='bbox 391 1191 422 1229; x_wconf 88' lang='lat' dir='ltr'>ac</span> <span class='ocrx_word' id='word_1_83' title='bbox 440 1192 484 1249; x_wconf 93' lang='lat' dir='ltr'>per</span> <span class='ocrx_word' id='word_1_84' title='bbox 501 1190 545 1228; x_wconf 84' lang='lat' dir='ltr'>eos</span> <span class='ocrx_word' id='word_1_85' title='bbox 563 1171 673 1229; x_wconf 79' lang='lat' dir='ltr'>dedendi</span> <span class='ocrx_word' id='word_1_86' title='bbox 689 1171 808 1233; x_wconf 73' lang='lat' dir='ltr'>Annibai.</span> 
     </span>
     <span class='ocr_line' id='line_1_13' title="bbox 82 1252 820 1331; baseline 0.001 -19"><span class='ocrx_word' id='word_1_87' title='bbox 82 1254 153 1312; x_wconf 90' lang='lat' dir='ltr'>Vicit</span> <span class='ocrx_word' id='word_1_88' title='bbox 165 1268 255 1311; x_wconf 87' lang='lat' dir='ltr'>tamen</span> <span class='ocrx_word' id='word_1_89' title='bbox 267 1272 296 1310; x_wconf 86' lang='lat' dir='ltr'>ea</span> <span class='ocrx_word' id='word_1_90' title='bbox 311 1272 377 1328; x_wconf 86' lang='lat' dir='ltr'>pars,</span> <span class='ocrx_word' id='word_1_91' title='bbox 394 1272 452 1329; x_wconf 88' lang='lat' dir='ltr'>quae</span> <span class='ocrx_word' id='word_1_92' title='bbox 464 1252 526 1309; x_wconf 87' lang='lat' dir='ltr'>nihil</span> <span class='ocrx_word' id='word_1_93' title='bbox 539 1254 635 1331; x_wconf 85' lang='lat' dir='ltr'>raptim</span> <span class='ocrx_word' id='word_1_94' title='bbox 653 1272 705 1313; x_wconf 89' lang='lat' dir='ltr'>nec</span> <span class='ocrx_word' id='word_1_95' title='bbox 720 1269 820 1325; x_wconf 70' lang='lat' dir='ltr'>tentae,</span> 
     </span>
     <span class='ocr_line' id='line_1_14' title="bbox 83 1332 810 1413; baseline 0.003 -21"><span class='ocrx_word' id='word_1_96' title='bbox 83 1336 214 1413; x_wconf 83' lang='lat' dir='ltr'>agendum</span> <span class='ocrx_word' id='word_1_97' title='bbox 226 1332 460 1410; x_wconf 83' lang='lat' dir='ltr'>consulendumque</span> <span class='ocrx_word' id='word_1_98' title='bbox 471 1336 502 1391; x_wconf 90' lang='lat' dir='ltr'>de</span> <span class='ocrx_word' id='word_1_99' title='bbox 513 1334 615 1413; x_wconf 86' lang='lat' dir='ltr'>integro</span> <span class='ocrx_word' id='word_1_100' title='bbox 628 1334 737 1394; x_wconf 89' lang='lat' dir='ltr'>censuit.</span> <span class='ocrx_word' id='word_1_101' title='bbox 773 1338 810 1393; x_wconf 82' lang='lat' dir='ltr'>ne</span> 
     </span>
     <span class='ocr_line' id='line_1_15' title="bbox 83 1414 810 1493; baseline 0 -19"><span class='ocrx_word' id='word_1_102' title='bbox 83 1416 163 1476; x_wconf 64' lang='lat' dir='ltr'>mata</span> <span class='ocrx_word' id='word_1_103' title='bbox 177 1418 279 1493; x_wconf 81' lang='lat' dir='ltr'>postero</span> <span class='ocrx_word' id='word_1_104' title='bbox 290 1416 331 1472; x_wconf 90' lang='lat' dir='ltr'>die</span> <span class='ocrx_word' id='word_1_105' title='bbox 342 1434 387 1493; x_wconf 90' lang='lat' dir='ltr'>per</span> <span class='ocrx_word' id='word_1_106' title='bbox 401 1414 530 1473; x_wconf 85' lang='lat' dir='ltr'>minorem</span> <span class='ocrx_word' id='word_1_107' title='bbox 546 1416 745 1493; x_wconf 72' lang='lat' dir='ltr'>trepidationem</span> <span class='ocrx_word' id='word_1_108' title='bbox 757 1414 810 1474; x_wconf 81' lang='lat' dir='ltr'>mi·</span> 
     </span>
     <span class='ocr_line' id='line_1_16' title="bbox 85 1496 811 1575; baseline 0.001 -20"><span class='ocrx_word' id='word_1_109' title='bbox 85 1516 195 1558; x_wconf 89' lang='lat' dir='ltr'>nuetunt</span> <span class='ocrx_word' id='word_1_110' title='bbox 214 1499 361 1575; x_wconf 78' lang='lat' dir='ltr'>optimates,</span> <span class='ocrx_word' id='word_1_111' title='bbox 381 1510 421 1561; x_wconf 88' lang='lat' dir='ltr'>ut,</span> <span class='ocrx_word' id='word_1_112' title='bbox 441 1496 573 1554; x_wconf 68' lang='lat' dir='ltr'>contesiis</span> <span class='ocrx_word' id='word_1_113' title='bbox 595 1496 721 1556; x_wconf 86' lang='lat' dir='ltr'>omnibus</span> <span class='ocrx_word' id='word_1_114' title='bbox 740 1516 772 1555; x_wconf 84' lang='lat' dir='ltr'>ex</span> <span class='ocrx_word' id='word_1_115' title='bbox 786 1514 811 1555; x_wconf 85' lang='lat' dir='ltr'>a·</span> 
     </span>
     <span class='ocr_line' id='line_1_17' title="bbox 85 1578 559 1659; baseline -0.002 -22"><span class='ocrx_word' id='word_1_116' title='bbox 85 1583 147 1659; x_wconf 86' lang='lat' dir='ltr'>gris,</span> <span class='ocrx_word' id='word_1_117' title='bbox 168 1580 259 1637; x_wconf 89' lang='lat' dir='ltr'>urbem</span> <span class='ocrx_word' id='word_1_118' title='bbox 273 1599 303 1637; x_wconf 89' lang='lat' dir='ltr'>ac</span> <span class='ocrx_word' id='word_1_119' title='bbox 318 1598 407 1636; x_wconf 87' lang='lat' dir='ltr'>muros</span> <span class='ocrx_word' id='word_1_120' title='bbox 419 1578 559 1636; x_wconf 83' lang='lat' dir='ltr'>firmarent.</span> 
     </span>
     <span class='ocr_line' id='line_1_18' title="bbox 125 1658 809 1737; baseline 0.004 -20"><span class='ocrx_word' id='word_1_121' title='bbox 125 1664 201 1717; x_wconf 83' lang='lat' dir='ltr'>xxt.</span> <span class='ocrx_word' id='word_1_122' title='bbox 227 1664 274 1717; x_wconf 89' lang='lat' dir='ltr'>Per</span> <span class='ocrx_word' id='word_1_123' title='bbox 296 1660 365 1715; x_wconf 87' lang='lat' dir='ltr'>idem</span> <span class='ocrx_word' id='word_1_124' title='bbox 390 1661 442 1717; x_wconf 86' lang='lat' dir='ltr'>scre</span> <span class='ocrx_word' id='word_1_125' title='bbox 463 1674 566 1737; x_wconf 83' lang='lat' dir='ltr'>tempus</span> <span class='ocrx_word' id='word_1_126' title='bbox 587 1658 666 1719; x_wconf 77' lang='lat' dir='ltr'>iitetae</span> <span class='ocrx_word' id='word_1_127' title='bbox 682 1678 716 1719; x_wconf 81' lang='lat' dir='ltr'>ex</span> <span class='ocrx_word' id='word_1_128' title='bbox 736 1658 809 1719; x_wconf 78' lang='lat' dir='ltr'>Sicilia</span> 
     </span>
     <span class='ocr_line' id='line_1_19' title="bbox 86 1739 848 1815; baseline 0.007 -17"><span class='ocrx_word' id='word_1_129' title='bbox 86 1741 248 1815; x_wconf 82' lang='lat' dir='ltr'>Sardiniaque</span> <span class='ocrx_word' id='word_1_130' title='bbox 262 1744 378 1796; x_wconf 82' lang='lat' dir='ltr'>Romam</span> <span class='ocrx_word' id='word_1_131' title='bbox 392 1739 479 1799; x_wconf 81' lang='lat' dir='ltr'>ailatae.</span> <span class='ocrx_word' id='word_1_132' title='bbox 519 1742 615 1799; x_wconf 81' lang='lat' dir='ltr'>Priores</span> <span class='ocrx_word' id='word_1_133' title='bbox 631 1760 665 1799; x_wconf 82' lang='lat' dir='ltr'>ex</span> <span class='ocrx_word' id='word_1_134' title='bbox 683 1742 765 1801; x_wconf 81' lang='lat' dir='ltr'>Sicii&#39;u</span> <span class='ocrx_word' id='word_1_135' title='bbox 779 1742 815 1802; x_wconf 58' lang='lat' dir='ltr'>iz</span> <span class='ocrx_word' id='word_1_136' title='bbox 846 1803 848 1814; x_wconf 78' lang='grc'>,</span> 
     </span>
     <span class='ocr_line' id='line_1_20' title="bbox 85 1820 848 1897; baseline 0 -18"><span class='ocrx_word' id='word_1_137' title='bbox 85 1822 187 1879; x_wconf 85' lang='lat' dir='ltr'>Otacilii</span> <span class='ocrx_word' id='word_1_138' title='bbox 202 1820 364 1897; x_wconf 87' lang='lat' dir='ltr'>propraetoris</span> <span class='ocrx_word' id='word_1_139' title='bbox 376 1822 403 1877; x_wconf 92' lang='lat' dir='ltr'>in</span> <span class='ocrx_word' id='word_1_140' title='bbox 415 1821 502 1879; x_wconf 85' lang='lat' dir='ltr'>senatu</span> <span class='ocrx_word' id='word_1_141' title='bbox 514 1824 623 1881; x_wconf 79' lang='lat' dir='ltr'>recitatae</span> <span class='ocrx_word' id='word_1_142' title='bbox 631 1822 705 1883; x_wconf 87' lang='lat' dir='ltr'>sunt:</span> <span class='ocrx_word' id='word_1_143' title='bbox 724 1828 755 1883; x_wconf 87' lang='lat' dir='ltr'>L.</span> <span class='ocrx_word' id='word_1_144' title='bbox 765 1825 809 1881; x_wconf 80' lang='lat' dir='ltr'>m·</span> <span class='ocrx_word' id='word_1_145' title='bbox 846 1829 848 1842; x_wconf 93' lang='lat'>&#39;</span> 
     </span>
     <span class='ocr_line' id='line_1_21' title="bbox 86 1902 812 1983; baseline 0.001 -24"><span class='ocrx_word' id='word_1_146' title='bbox 86 1904 155 1959; x_wconf 90' lang='lat' dir='ltr'>rium</span> <span class='ocrx_word' id='word_1_147' title='bbox 179 1918 314 1979; x_wconf 78' lang='lat' dir='ltr'>praetorem</span> <span class='ocrx_word' id='word_1_148' title='bbox 335 1922 396 1959; x_wconf 86' lang='lat' dir='ltr'>cunr</span> <span class='ocrx_word' id='word_1_149' title='bbox 418 1902 489 1960; x_wconf 82' lang='lat' dir='ltr'>classe</span> <span class='ocrx_word' id='word_1_150' title='bbox 512 1921 544 1959; x_wconf 80' lang='lat' dir='ltr'>ex</span> <span class='ocrx_word' id='word_1_151' title='bbox 568 1904 653 1962; x_wconf 82' lang='lat' dir='ltr'>Africa</span> <span class='ocrx_word' id='word_1_152' title='bbox 672 1904 812 1983; x_wconf 72' lang='lat' dir='ltr'>Lilyboeum</span> 
     </span>
     <span class='ocr_line' id='line_1_22' title="bbox 86 1981 811 2061; baseline 0.006 -20"><span class='ocrx_word' id='word_1_153' title='bbox 86 1984 192 2041; x_wconf 79' lang='lat' dir='ltr'>venisse:</span> <span class='ocrx_word' id='word_1_154' title='bbox 214 1981 298 2059; x_wconf 87' lang='lat' dir='ltr'>ipsum</span> <span class='ocrx_word' id='word_1_155' title='bbox 317 1985 426 2061; x_wconf 85' lang='lat' dir='ltr'>graviter</span> <span class='ocrx_word' id='word_1_156' title='bbox 445 1982 560 2041; x_wconf 87' lang='lat' dir='ltr'>saucium</span> <span class='ocrx_word' id='word_1_157' title='bbox 575 1986 602 2042; x_wconf 93' lang='lat' dir='ltr'>in</span> <span class='ocrx_word' id='word_1_158' title='bbox 615 1984 763 2045; x_wconf 83' lang='lat' dir='ltr'>discrimine</span> <span class='ocrx_word' id='word_1_159' title='bbox 778 1982 811 2045; x_wconf 82' lang='lat' dir='ltr'>tti-</span> 
     </span>
     <span class='ocr_line' id='line_1_23' title="bbox 88 2064 811 2147; baseline 0.004 -24"><span class='ocrx_word' id='word_1_160' title='bbox 88 2067 156 2125; x_wconf 91' lang='lat' dir='ltr'>timo</span> <span class='ocrx_word' id='word_1_161' title='bbox 173 2068 232 2122; x_wconf 86' lang='lat' dir='ltr'>virae</span> <span class='ocrx_word' id='word_1_162' title='bbox 245 2064 301 2121; x_wconf 75' lang='lat' dir='ltr'>esse.</span> <span class='ocrx_word' id='word_1_163' title='bbox 323 2066 398 2123; x_wconf 87' lang='lat' dir='ltr'>militi</span> <span class='ocrx_word' id='word_1_164' title='bbox 411 2070 439 2124; x_wconf 85' lang='lat'>&amp;</span> <span class='ocrx_word' id='word_1_165' title='bbox 450 2064 577 2123; x_wconf 83' lang='lat' dir='ltr'>navalibus</span> <span class='ocrx_word' id='word_1_166' title='bbox 592 2065 666 2123; x_wconf 87' lang='lat' dir='ltr'>sociis</span> <span class='ocrx_word' id='word_1_167' title='bbox 678 2084 762 2147; x_wconf 84' lang='lat' dir='ltr'>neque</span> <span class='ocrx_word' id='word_1_168' title='bbox 774 2067 811 2125; x_wconf 83' lang='lat' dir='ltr'>ffi-</span> 
     </span>
     <span class='ocr_line' id='line_1_24' title="bbox 81 2146 811 2227; baseline 0.003 -23"><span class='ocrx_word' id='word_1_169' title='bbox 81 2149 211 2227; x_wconf 82' lang='lat' dir='ltr'>pendium</span> <span class='ocrx_word' id='word_1_170' title='bbox 231 2166 313 2223; x_wconf 87' lang='lat' dir='ltr'>neque</span> <span class='ocrx_word' id='word_1_171' title='bbox 331 2146 494 2205; x_wconf 85' lang='lat' dir='ltr'>frumentum</span> <span class='ocrx_word' id='word_1_172' title='bbox 511 2146 543 2204; x_wconf 83' lang='lat' dir='ltr'>ad</span> <span class='ocrx_word' id='word_1_173' title='bbox 557 2147 628 2205; x_wconf 90' lang='lat' dir='ltr'>diem</span> <span class='ocrx_word' id='word_1_174' title='bbox 645 2148 715 2215; x_wconf 62' lang='grc' dir='ltr'>ἀπῆς</span> <span class='ocrx_word' id='word_1_175' title='bbox 737 2162 811 2225; x_wconf 78' lang='lat' dir='ltr'>noque</span> 
     </span>
     <span class='ocr_line' id='line_1_25' title="bbox 86 2227 812 2308; baseline -0.001 -20"><span class='ocrx_word' id='word_1_176' title='bbox 86 2231 156 2289; x_wconf 89' lang='lat' dir='ltr'>unde</span> <span class='ocrx_word' id='word_1_177' title='bbox 173 2232 246 2289; x_wconf 88' lang='lat' dir='ltr'>detur</span> <span class='ocrx_word' id='word_1_178' title='bbox 265 2229 322 2288; x_wconf 84' lang='lat' dir='ltr'>eise.</span> <span class='ocrx_word' id='word_1_179' title='bbox 343 2247 498 2308; x_wconf 77' lang='lat' dir='ltr'>magnopere</span> <span class='ocrx_word' id='word_1_180' title='bbox 516 2227 623 2292; x_wconf 83' lang='lat' dir='ltr'>suadere,</span> <span class='ocrx_word' id='word_1_181' title='bbox 645 2245 675 2289; x_wconf 90' lang='lat' dir='ltr'>ut</span> <span class='ocrx_word' id='word_1_182' title='bbox 688 2228 812 2307; x_wconf 75' lang='lat' dir='ltr'>qoampi</span> 
     </span>
     <span class='ocr_line' id='line_1_26' title="bbox 88 2310 813 2387; baseline 0.001 -19"><span class='ocrx_word' id='word_1_183' title='bbox 88 2332 166 2369; x_wconf 90' lang='lat' dir='ltr'>mum</span> <span class='ocrx_word' id='word_1_184' title='bbox 179 2332 209 2369; x_wconf 92' lang='lat' dir='ltr'>ea</span> <span class='ocrx_word' id='word_1_185' title='bbox 220 2313 368 2368; x_wconf 86' lang='lat' dir='ltr'>mittantur:</span> <span class='ocrx_word' id='word_1_186' title='bbox 389 2310 494 2387; x_wconf 84' lang='lat' dir='ltr'>sibique,</span> <span class='ocrx_word' id='word_1_187' title='bbox 511 2310 577 2368; x_wconf 81' lang='lat' dir='ltr'>siitr</span> <span class='ocrx_word' id='word_1_188' title='bbox 588 2310 712 2375; x_wconf 88' lang='lat' dir='ltr'>videatur,</span> <span class='ocrx_word' id='word_1_189' title='bbox 730 2332 762 2369; x_wconf 82' lang='lat' dir='ltr'>ex</span> <span class='ocrx_word' id='word_1_190' title='bbox 773 2328 813 2369; x_wconf 82' lang='lat' dir='ltr'>ao·</span> 
     </span>
     <span class='ocr_line' id='line_1_27' title="bbox 88 2390 813 2470; baseline 0.006 -21"><span class='ocrx_word' id='word_1_191' title='bbox 88 2394 127 2450; x_wconf 82' lang='lat' dir='ltr'>vis</span> <span class='ocrx_word' id='word_1_192' title='bbox 151 2391 300 2468; x_wconf 73' lang='lat' dir='ltr'>praetoribus</span> <span class='ocrx_word' id='word_1_193' title='bbox 320 2390 485 2448; x_wconf 80' lang='lat' dir='ltr'>successorem</span> <span class='ocrx_word' id='word_1_194' title='bbox 511 2392 627 2449; x_wconf 86' lang='lat' dir='ltr'>mittant.</span> <span class='ocrx_word' id='word_1_195' title='bbox 672 2394 813 2470; x_wconf 74' lang='lat' dir='ltr'>Eidemque</span> 
     </span>
     <span class='ocr_line' id='line_1_28' title="bbox 88 2469 814 2548; baseline 0.006 -19"><span class='ocrx_word' id='word_1_196' title='bbox 88 2473 172 2529; x_wconf 87' lang='lat' dir='ltr'>ferme</span> <span class='ocrx_word' id='word_1_197' title='bbox 196 2473 228 2527; x_wconf 88' lang='lat' dir='ltr'>de</span> <span class='ocrx_word' id='word_1_198' title='bbox 244 2469 367 2545; x_wconf 83' lang='lat' dir='ltr'>stipendio</span> <span class='ocrx_word' id='word_1_199' title='bbox 390 2470 573 2548; x_wconf 87' lang='lat' dir='ltr'>frumentoque</span> <span class='ocrx_word' id='word_1_200' title='bbox 596 2472 630 2531; x_wconf 88' lang='lat' dir='ltr'>ab</span> <span class='ocrx_word' id='word_1_201' title='bbox 653 2477 683 2534; x_wconf 83' lang='grc' dir='ltr'>Α.</span> <span class='ocrx_word' id='word_1_202' title='bbox 698 2473 814 2533; x_wconf 70' lang='lat' dir='ltr'>Corneio</span> 
     </span>
     <span class='ocr_line' id='line_1_29' title="bbox 90 2550 816 2631; baseline 0.006 -21"><span class='ocrx_word' id='word_1_203' title='bbox 90 2550 235 2611; x_wconf 76' lang='lat' dir='ltr'>Mammula</span> <span class='ocrx_word' id='word_1_204' title='bbox 258 2564 413 2627; x_wconf 85' lang='lat' dir='ltr'>propraetore</span> <span class='ocrx_word' id='word_1_205' title='bbox 441 2571 473 2608; x_wconf 88' lang='lat' dir='ltr'>ex</span> <span class='ocrx_word' id='word_1_206' title='bbox 495 2554 605 2611; x_wconf 82' lang='lat' dir='ltr'>Sardinia</span> <span class='ocrx_word' id='word_1_207' title='bbox 627 2552 728 2631; x_wconf 83' lang='lat' dir='ltr'>scripta.</span> <span class='ocrx_word' id='word_1_208' title='bbox 767 2558 816 2613; x_wconf 88' lang='lat' dir='ltr'>Re·</span> 
     </span>
     <span class='ocr_line' id='line_1_30' title="bbox 88 2629 818 2711; baseline 0.003 -21"><span class='ocrx_word' id='word_1_209' title='bbox 88 2632 212 2711; x_wconf 80' lang='lat' dir='ltr'>sponsum</span> <span class='ocrx_word' id='word_1_210' title='bbox 227 2629 346 2706; x_wconf 82' lang='lat' dir='ltr'>utrisque,</span> <span class='ocrx_word' id='word_1_211' title='bbox 367 2651 421 2689; x_wconf 92' lang='lat' dir='ltr'>non</span> <span class='ocrx_word' id='word_1_212' title='bbox 432 2634 481 2690; x_wconf 80' lang='lat' dir='ltr'>effe</span> <span class='ocrx_word' id='word_1_213' title='bbox 498 2635 565 2691; x_wconf 87' lang='lat' dir='ltr'>unde</span> <span class='ocrx_word' id='word_1_214' title='bbox 577 2636 732 2697; x_wconf 87' lang='lat' dir='ltr'>mitteretur.</span> <span class='ocrx_word' id='word_1_215' title='bbox 750 2634 818 2711; x_wconf 80' lang='lat' dir='ltr'>jolii·</span> 
     </span>
     <span class='ocr_line' id='line_1_31' title="bbox 88 2711 817 2791; baseline 0.011 -24"><span class='ocrx_word' id='word_1_216' title='bbox 88 2733 141 2791; x_wconf 86' lang='lat' dir='ltr'>que</span> <span class='ocrx_word' id='word_1_217' title='bbox 159 2714 214 2790; x_wconf 86' lang='lat' dir='ltr'>ipsi,</span> <span class='ocrx_word' id='word_1_218' title='bbox 235 2711 349 2770; x_wconf 82' lang='lat' dir='ltr'>classibus</span> <span class='ocrx_word' id='word_1_219' title='bbox 361 2730 443 2790; x_wconf 54' lang='lat' dir='ltr'>‚atque</span> <span class='ocrx_word' id='word_1_220' title='bbox 459 2714 608 2773; x_wconf 85' lang='lat' dir='ltr'>exercitibus</span> <span class='ocrx_word' id='word_1_221' title='bbox 620 2716 669 2773; x_wconf 82' lang='lat' dir='ltr'>suis</span> <span class='ocrx_word' id='word_1_222' title='bbox 683 2716 817 2777; x_wconf 75' lang='lat' dir='ltr'>consulere.</span> 
     </span>
     <span class='ocr_line' id='line_1_32' title="bbox 90 2794 818 2875; baseline 0.008 -22"><span class='ocrx_word' id='word_1_223' title='bbox 90 2802 125 2853; x_wconf 88' lang='grc' dir='ltr'>Τ.</span> <span class='ocrx_word' id='word_1_224' title='bbox 138 2794 261 2853; x_wconf 87' lang='lat' dir='ltr'>Otacilius</span> <span class='ocrx_word' id='word_1_225' title='bbox 281 2795 311 2851; x_wconf 84' lang='lat' dir='ltr'>ad</span> <span class='ocrx_word' id='word_1_226' title='bbox 329 2796 434 2853; x_wconf 90' lang='lat' dir='ltr'>unicum</span> <span class='ocrx_word' id='word_1_227' title='bbox 450 2794 588 2853; x_wconf 81' lang='lat' dir='ltr'>subsidium</span> <span class='ocrx_word' id='word_1_228' title='bbox 604 2798 691 2875; x_wconf 87' lang='lat' dir='ltr'>populi</span> <span class='ocrx_word' id='word_1_229' title='bbox 704 2800 818 2859; x_wconf 84' lang='lat' dir='ltr'>Romani</span> 
     </span>
     <span class='ocr_line' id='line_1_33' title="bbox 90 2874 819 2957; baseline 0.003 -22"><span class='ocrx_word' id='word_1_230' title='bbox 90 2878 231 2935; x_wconf 84' lang='lat' dir='ltr'>Hieronem</span> <span class='ocrx_word' id='word_1_231' title='bbox 253 2874 348 2953; x_wconf 83' lang='lat' dir='ltr'>legatos</span> <span class='ocrx_word' id='word_1_232' title='bbox 369 2895 450 2953; x_wconf 88' lang='lat' dir='ltr'>quum</span> <span class='ocrx_word' id='word_1_233' title='bbox 471 2878 582 2941; x_wconf 83' lang='lat' dir='ltr'>misisset,</span> <span class='ocrx_word' id='word_1_234' title='bbox 607 2880 634 2934; x_wconf 91' lang='lat' dir='ltr'>in</span> <span class='ocrx_word' id='word_1_235' title='bbox 656 2882 819 2957; x_wconf 87' lang='lat' dir='ltr'>stipendium,</span> 
     </span>
     <span class='ocr_line' id='line_1_34' title="bbox 89 2955 821 3042; baseline 0.007 -28"><span class='ocrx_word' id='word_1_236' title='bbox 89 2958 177 3038; x_wconf 84' lang='lat' dir='ltr'>quanti</span> <span class='ocrx_word' id='word_1_237' title='bbox 189 2958 285 3038; x_wconf 80' lang='lat' dir='ltr'>argenti</span> <span class='ocrx_word' id='word_1_238' title='bbox 303 2975 369 3034; x_wconf 87' lang='lat' dir='ltr'>opus</span> <span class='ocrx_word' id='word_1_239' title='bbox 387 2955 444 3025; x_wconf 85' lang='lat' dir='ltr'>suit,</span> <span class='ocrx_word' id='word_1_240' title='bbox 464 2962 490 3018; x_wconf 68' lang='grc' dir='ltr'>δι</span> <span class='ocrx_word' id='word_1_241' title='bbox 505 2957 548 3016; x_wconf 86' lang='lat' dir='ltr'>sex</span> <span class='ocrx_word' id='word_1_242' title='bbox 563 2959 692 3042; x_wconf 79' lang='lat' dir='ltr'>mensium</span> <span class='ocrx_word' id='word_1_243' title='bbox 706 2962 821 3023; x_wconf 85' lang='lat' dir='ltr'>frumen·</span> 
     </span>
     <span class='ocr_line' id='line_1_35' title="bbox 763 3060 821 3103; baseline -0.017 0"><span class='ocrx_word' id='word_1_244' title='bbox 763 3060 821 3103; x_wconf 79' lang='lat' dir='ltr'>tum</span> 
     </span>
    </p>
   </div>
   <div class='ocr_carea' id='block_1_3' title="bbox 0 78 925 3316">
    <p class='ocr_par' dir='ltr' id='par_1_3' title="bbox 0 78 925 3316">
     <span class='ocr_line' id='line_1_36' title="bbox 0 78 925 3316; baseline 0 0"><span class='ocrx_word' id='word_1_245' title='bbox 0 78 925 3316; x_wconf 95' lang='lat' dir='ltr'> </span> 
     </span>
    </p>
   </div>
  </div>
 </body>
</html>
