1814 3316
135 296 175 363 aa
297 268 616 360 'unium

131 406 254 466 fimulans
266 392 382 467 Aniibd,
406 402 485 480 usque
497 404 525 460 in
539 400 657 479 Peiignoe
668 399 863 480 populabundus

129 490 211 547 rediit.
242 486 332 544 Fabius
344 484 435 542 mediis
446 487 511 545 iuter
522 484 636 541 hostium
647 502 744 561 agmen
757 485 862 543 urbem·

129 589 182 647 que
202 573 320 627 Romam
341 567 412 645 jugis
435 566 559 631 ducebat,
584 584 634 623 nec
656 564 784 631 abfistcns,
812 585 861 626 nec

129 651 306 729 congrediens.
351 653 391 706 Ex
410 646 519 726 Pelignis
539 650 637 704 Poenus
656 646 729 705 flexit
745 649 802 712 iter,
822 666 862 709 re·

128 745 223 810 troque
242 730 362 807 Apuliam
390 741 519 804 repetens,
558 729 704 786 Geronium
729 730 859 806 pervenite

128 814 222 873 urbem
237 829 317 876 metu,
338 812 398 886 quia
410 810 517 888 collapfia
528 810 607 867 ruinis
617 806 676 886 pass
687 813 822 869 moenium
833 830 861 869 e·

129 911 177 961 rat,
198 896 231 954 ab
241 892 291 952 suis
304 892 437 959 desertam.
476 892 594 950 Didiator
613 892 641 948 in
657 892 774 951 [minate
796 910 860 971 agro

129 979 209 1035 oaiira
233 974 400 1033 communiit.
423 972 482 1029 inde
499 971 630 1029 fictorum
647 972 860 1041 caumkoman

128 1072 272 1122 revocatus,
291 1075 345 1114 non
357 1053 468 1130 imperio
479 1051 568 1116 modd,
589 1051 630 1111 sed
644 1054 750 1113 confilio
770 1056 859 1121 etiam,

127 1159 160 1197 ac
179 1158 260 1215 prope
277 1134 393 1214 precibus
412 1152 490 1211 agens
507 1153 571 1192 cum
591 1135 714 1212 magistro
731 1138 859 1214 equitum,

127 1399 160 1439 m
171 1381 234 1439 nihii
245 1385 330 1441 adium
344 1378 456 1452 censente
475 1383 563 1436 «καθα
573 1392 644 1456 propo
657 1380 735 1454 estate
754 1394 799 1456 per
818 1381 858 1439 Ia·

126 1464 287 1541 &ficationem
306 1460 388 1536 hosta.-
415 1461 514 1516 medicos
541 1480 638 1539 quoque
655 1460 711 1536 plus
731 1462 856 1519 interdum

127 1548 218 1624 quiete,
237 1542 530 1623 qudmmovmdoatque
541 1542 758 1616 agendoprffcm.
780 1544 859 1603 Haud

125 1639 236 1703 parvam
246 1645 299 1681 rem
312 1625 363 1701 effe,
383 1622 417 1679 ab
428 1625 499 1679 totias
511 1624 601 1681 viliore
611 1621 671 1690 holle
684 1624 752 1681 vinci
767 1621 857 1699 desiffu

127 1704 166 1777 ά
178 1705 212 1761 ab
221 1707 338 1763 continuis
348 1703 455 1762 cladibus
466 1703 596 1780 respirdffl.

165 1787 245 1847 xlx.
265 1791 329 1844 Haec
340 1787 512 1862 nequicquam
524 1782 679 1858 praemonito
691 1782 818 1859 magistro
828 1804 858 1844 e·

124 1867 241 1945 quitum,
262 1870 381 1929 Romam
392 1868 430 1923 est
440 1865 580 1940 profedius.
616 1863 745 1938 Principio
758 1866 859 1935 aeiiatis,

108 1950 111 1955 '
124 1968 178 2027 qua
190 1948 246 2009 haec
258 1949 416 2027 geroianum,
437 1947 464 2001 in
475 1944 595 2020 Hispania
606 1960 710 2020 quoque
722 1958 787 2002 torta
800 1965 857 2006 ma·

124 2032 198 2107 rique
209 2046 330 2107 coeptum
345 2029 438 2087 bellum
450 2027 497 2085 est.
534 2024 653 2082 Asdrubal
663 2024 694 2082 ad
707 2044 771 2083 cum
785 2031 856 2087 navi-

125 2130 175 2170 um
187 2129 338 2176 numerum,
357 2105 461 2186 quemi
472 2107 547 2163 fratre
558 2106 712 2163 instruuum
725 2123 855 2183 paratum·
897 2126 900 2139 ¹

124 2210 177 2271 que
189 2206 327 2272 acceperat,
347 2192 437 2250 decem
451 2188 554 2262 adjecit.
572 2188 737 2267 quadraginta
749 2194 852 2251 navium

123 2275 227 2333 claisem
249 2274 392 2333 Himilconi
410 2270 527 2335 tradidit,
552 2284 628 2349 atque
648 2270 683 2328 ita
702 2271 854 2353 Carthagine

121 2356 264 2429 profestos,
282 2353 389 2412 navibus
399 2370 481 2425 prope
497 2366 591 2409 tertam
608 2353 748 2408 exercitum
766 2355 795 2411 in
813 2355 852 2415 lit·

121 2448 179 2493 tore
194 2434 311 2495 ducebat,
327 2446 427 2507 paratus
442 2432 581 2507 confligere
599 2450 764 2510 quacumque
785 2450 853 2512 parte

119 2516 256 2591 copiarum
276 2513 355 2569 hostis
372 2511 528 2569 occoniss'et.
568 2513 620 2570 Cn.
638 2514 763 2591 Scipioni,
781 2518 852 2592 poii·

103 2596 201 2671 'quam
217 2594 327 2651 movisse
343 2612 376 2650 ex
392 2590 504 2649 hibernis
520 2591 622 2652 hostem
640 2597 745 2661 audivit,
764 2596 851 2674 ptimd

117 2675 189 2733 idem
202 2674 299 2734 consilii
311 2673 374 2732 fuit:
394 2673 484 2731 deinde
496 2672 583 2733 mimis
596 2691 669 2741 terra,
688 2693 792 2757 propter
809 2680 849 2739 in.

115 2773 223 2834 gentem
248 2757 348 2814 famam
366 2774 497 2814 novorum
516 2757 680 2823 auxiliorum,
699 2778 849 2820 concurrere

115 2838 199 2903 ausus,
224 2836 323 2896 deiedio
344 2837 425 2897 milite
445 2839 476 2895 ad
496 2855 572 2896 naves
583 2840 716 2914 imposito,
735 2844 848 2921 quinque

110 2923 144 2977 a&
158 2920 262 2998 triginta
274 2921 380 2978 navium
396 2920 469 2979 claiie
488 2922 524 2976 ire
545 2918 648 2978 obviam
667 2920 734 2980 hosti
754 2926 847 3004 pergit.

113 3000 200 3060 Altero
215 3002 245 3059 ab
260 3009 404 3065 Tarracone
419 3002 502 3061 dicad
517 3003 661 3069 stationem,
679 3005 770 3065 decom
785 3006 845 3063 mii·

809 3085 841 3143 ha
