1814 3316
110 118 177 234 31⁶
348 144 635 212 nurvrr·

112 257 315 321 Maffsiensrum,
331 274 390 333 quae
402 255 484 313 officii
497 252 579 311 caussa
597 251 628 308 ab
649 251 732 309 domo
754 253 839 328 prose·

112 339 298 397 cutae'fuerant.
336 335 465 413 Responsa
483 337 542 392 inde
556 332 723 409 legationibus
737 331 838 410 suspen·

74 426 79 432 '
110 420 144 476 srs
164 421 279 477 casinate
298 431 340 476 tot
360 418 466 477 casuum
487 417 545 473 dare
567 414 659 488 coepit.
676 413 790 472 ittelato
807 417 838 473 ab

107 500 208 577 ingenti
229 500 356 556 virtutum
378 497 480 556 suarum
502 496 593 563 fiducia
611 497 711 559 animo,
730 510 762 552 ut
782 496 836 554 nul-

109 578 166 636 lum
191 579 264 636 ferox
281 577 387 636 verbum
406 577 544 635 excideret:
580 575 721 652 ingensque
747 578 838 634 omni·

73 704 84 725 .
107 659 155 717 bus
171 680 230 738 quae
247 660 357 725 diceret,
380 677 443 718 eum
463 658 582 735 majestas
599 657 704 725 inesset.»
728 667 791 716 tum
806 658 836 716 fi·

107 741 161 799 des.

145 825 210 881 XX.
226 820 361 879 rmfenus
373 817 404 876 ab
416 823 567 883 Tarracone,
585 818 744 876 &civitates
755 817 835 878 socio·
871 844 874 851 ¹

102 921 165 960 rum
181 908 208 962 δι
224 901 327 959 hiberna
337 900 460 958 exercitus
482 900 550 958 adiit.
571 897 772 976 collaudauitque
785 903 834 957 rni-

53 1030 65 1051 .
104 982 169 1045 lites,
197 981 267 1058 qudd
288 979 385 1038 duabus
406 981 483 1037 tantis
507 978 616 1037 cladibus
638 980 760 1057 deinceps
780 982 834 1046 iffi,

102 1059 453 1137 provinciam'obtinuislent:
472 1079 520 1117 uec
533 1060 653 1117 suetum
665 1059 832 1120 secundarum

102 1159 190 1199 rerum
204 1140 295 1198 sentire
309 1140 393 1197 hostes
406 1140 479 1214 paffi,
495 1143 569 1197 omni
588 1141 625 1198 eis
643 1142 748 1199 Iberum
769 1160 831 1221 agro

101 1240 147 1279 eos
164 1221 312 1284 arcuissent,
342 1219 473 1296 sociosque
495 1238 557 1278 curn
581 1221 632 1279 fide
651 1223 728 1281 tutati
746 1224 833 1283 essent.

102 1306 229 1362 Martium
242 1302 329 1362 secum
343 1300 448 1359 habebat
461 1320 522 1360 cum
535 1314 609 1359 tanto
625 1300 735 1368 honore,
751 1317 782 1362 ut
795 1303 833 1362 fa-
860 1298 873 1305 ’

102 1382 151 1443 eila
165 1399 293 1463 appareret
307 1383 370 1441 nihil
389 1384 486 1448 minus,
510 1379 589 1459 quim
611 1384 700 1447 vermi,
722 1402 758 1442 ne
776 1386 832 1461 quit

100 1464 210 1529 obstaret
224 1465 310 1545 gloriae
322 1464 381 1523 suae.
419 1464 540 1522 Successit
548 1465 605 1520 inde
618 1465 720 1521 Neroni
726 1463 833 1532 Silanus,

100 1549 128 1602 dc
144 1546 171 1601 in
186 1546 289 1602 hiberna
300 1547 362 1601 novi
376 1545 470 1603 milites
480 1545 591 1601 dedudii.
631 1545 727 1620 Scipio,
743 1548 831 1605 omui·

98 1622 155 1688 bus,
173 1644 231 1699 quae
242 1625 353 1681 adeunda
372 1626 520 1702 agendaque
533 1636 612 1688 erant,
638 1623 743 1684 maturd
758 1628 831 1687 aditis

98 1704 271 1781 pennisque,
305 1710 479 1763 Tarraconem
500 1705 630 1764 concessit.
668 1705 762 1764 Nihilo
780 1710 830 1766 mi·

97 1803 147 1841 nor
168 1785 239 1843 fama
257 1785 325 1860 apud
340 1783 424 1842 hostes
443 1786 567 1862 Scipionis
582 1801 644 1850 erat,
662 1784 744 1863 qudm
762 1790 829 1866 apud

92 1867 165 1922 -eives
184 1864 326 1943 sociosque:
358 1865 520 1925 &divinatio
534 1866 653 1942 quandam
665 1869 755 1933 futuri,
774 1888 830 1947 qun

97 1947 187 2002 minus
208 1948 273 2004 ratio
288 1947 390 2003 timoris
408 1947 478 2005 reddi
494 1959 596 2023 poterat
620 1946 706 2004 oborti
722 1966 828 2017 temere,

96 2026 227 2100 majorem
236 2028 346 2086 inferens
357 2039 481 2085 metum·
506 2030 539 2085 In
553 2027 655 2086 hiberna
666 2029 757 2089 divetfi
765 2051 827 2091 con·

95 2108 229 2166 cesserant:
249 2106 370 2166 Asdrubal
383 2107 503 2187 Gisgonis
516 2107 637 2184 usquead
652 2115 789 2170 Oceanum
797 2119 828 2177 be

95 2188 195 2245 Gades:
224 2193 304 2268 Mago
319 2190 346 2246 in
359 2189 538 2248 mediterranea
557 2187 674 2248 maxim&
685 2190 760 2269 supra
775 2197 827 2253 Ca·

30 2286 33 2291 ’
94 2267 266 2326 nulonensem
276 2267 378 2328 saltum
417 2268 827 2349 Asdrubalsmilnarissllr'usprn·

92 2347 180 2404 ximus
193 2348 345 2406 lberocirca
366 2351 511 2426 Saguntum
531 2349 681 2413 hibernavit.
721 2355 825 2414 AEslatis

88 2428 147 2499 ejus
156 2441 283 2491 extremo,
300 2446 356 2503 quo
373 2445 447 2505 capta
464 2433 501 2489 est
515 2432 611 2508 Capua,
638 2436 668 2491 de
688 2436 777 2513 Scipio
797 2438 824 2495 in

88 2505 238 2582 Hispaniam
251 2508 349 2589 venitr·
366 2513 461 2568 Punica
482 2511 561 2569 clasiis
575 2529 607 2568 err
619 2512 702 2573 Sicilia
727 2522 824 2577 Taren·

88 2599 148 2644 rum
159 2588 239 2645 accita
251 2591 283 2647 ad
294 2589 414 2647 arcendos
426 2607 590 2651 commeatus
601 2595 709 2668 praefidir‘
721 2600 824 2658 Roma.

83 2668 124 2730 ari,
142 2668 212 2744 quod
231 2669 257 2725 in
276 2689 333 2728 arce
351 2672 487 2729 Tarentina
499 2687 561 2736 erat,
580 2673 702 2735 clauserat
714 2681 822 2756 quidem

82 2766 177 2805 omnes
190 2749 316 2809 adarcem
331 2750 423 2820 dnrari
436 2753 532 2818 aditum
559 2752 602 2813 sed
617 2756 749 2818 assidendo
765 2763 822 2821 diu·

75 2827 134 2895 aida
147 2829 286 2899 ardiorern
297 2849 428 2894 annonam
443 2833 518 2921 smiis
528 2832 691 2915 quantumi
704 2841 822 2903 meleha.

449 2952 452 2957 ·
762 2943 819 2984 uon
