1814 3316
111 136 175 201 430
344 108 614 184 T.'LIViI

109 216 214 281 reIidlis,
239 212 373 291 profetitus
388 213 507 293 Apuliam
528 230 611 291 petere
627 214 747 277 intendit.
791 220 842 278 Ubi

111 298 203 363 ibunt,
220 294 336 355 succeffit
351 294 417 354 vallo
431 300 552 355 Romana
571 298 648 367 acies.
672 302 703 365 bc
721 301 843 363 Nnm'dae

110 399 143 439 ex
157 378 304 457 compofito
318 376 448 458 paullisper
461 378 489 435 in
503 380 587 455 portin
597 376 750 459 sevnlloque
762 384 842 443 osten·

110 479 209 523 maere:
229 458 390 538 fruibntique
403 458 559 537 aliquamdiu
571 460 666 527 hoster,
688 463 843 542 citatirequis
877 514 881 543 ,

110 560 206 623 agmen
218 540 327 599 suorum
338 541 510 620 affequunmr..
550 542 659 619 Consul,
688 543 734 601 ubi
755 542 842 603 silenti·
876 554 881 603 i

110 643 158 683 um
173 624 202 679 in
214 624 307 687 castrii,
326 627 355 683 bc
369 643 402 683 ne
415 642 510 700 paucos
520 624 637 702 quidem.
656 625 703 703 qui
712 626 797 703 prima
807 626 843 687 lu·

110 725 142 763 ce
154 704 389 771 obambulaverant,
405 720 476 783 parte
486 703 680 771 ulla'cetnebam
702 706 804 765 duobus
817 728 842 765 c·

111 785 225 863 quitibus
239 785 397 863 speculatum
413 788 442 845 in
453 786 531 847 nstra
548 784 693 865 praemissu,
708 790 842 867 postquam

111 868 171 927 satis
184 882 241 927 tuta
254 868 343 927 omnia
354 868 404 927 effe
415 868 575 947 explosum
595 870 644 933 est,
665 868 756 927 inferri
775 872 841 951 figna

111 948 195 1025 juffit.
210 964 363 1029 tantumque
377 950 411 1008 ibi
423 952 625 1016 mutabundum
638 948 772 1010 militesad
782 970 841 1029 pm·

103 1030 175 1105 ¹darn
186 1029 337 1097 discurrunt,
358 1034 470 1109 receptui
481 1030 571 1094 deinde
582 1030 692 1091 cecinit:
712 1032 842 1113 multoque
880 1032 883 1039 '

112 1125 173 1171 ante
190 1115 298 1171 nostem
317 1115 403 1188 copias
424 1114 529 1172 reduxit.
576 1112 684 1171 Postero
704 1114 747 1173 die
761 1116 841 1191 prima

110 1190 168 1251 luce
179 1193 319 1269 profectus,
338 1194 440 1272 magnis
457 1191 588 1253 itineribus
602 1192 703 1257 famam
720 1200 748 1254 dt
769 1198 843 1255 vesti·

111 1277 155 1355 gia
168 1276 279 1354 agminis
292 1273 405 1353 sequena,
425 1274 493 1333 hnud
505 1273 595 1353 procul
614 1276 726 1337 Venusn
744 1274 842 1337 hostem

111 1358 258 1435 assequitur.
305 1357 344 1415 Ibi
366 1376 471 1435 quoque
491 1354 656 1415 tumultuaria
681 1376 771 1439 pugna
789 1358 846 1417 init:

102 1438 184 1517 *supra
195 1439 249 1497 duo
263 1438 343 1499 millia
360 1441 503 1498 I’oenorum
517 1437 589 1499 caesa.
628 1438 693 1498 Inde
713 1441 842 1501 nosturnis
876 1464 881 1479 ·

112 1521 296 1599 montanisque
307 1518 438 1579 itineribus
445 1524 551 1584 Poenut,
569 1539 603 1579 ne
613 1518 704 1579 locum
715 1521 843 1605 pugnandi

111 1602 189 1665 daret,
210 1604 395 1677 Metapontum
406 1602 488 1678 petiit.
526 1606 621 1661 Hanno
641 1602 703 1661 inde
722 1604 757 1675 (it
777 1605 842 1663 enim

110 1682 228 1757 praesrdio
240 1682 297 1753 ejus
309 1680 361 1739 loci
374 1681 527 1757 praefuerat).
536 1684 565 1741 In
577 1684 691 1743 Bruttios
701 1702 767 1742 cum
785 1702 843 1763 pau·

112 1762 150 1820 cis
173 1761 203 1819 ad
224 1762 366 1821 exercitum
386 1781 488 1821 norum
514 1765 723 1841 comparandum
750 1766 844 1825 miffin.

112 1842 231 1907 Annibal,
250 1846 333 1922 copiis
345 1845 402 1920 ejus
416 1845 448 1904 ad
460 1843 515 1901 suas
529 1845 628 1911 additis,
648 1847 791 1907 Vennfiam
807 1866 844 1906 te·

112 1940 164 1992 tro,
186 1925 278 2004 quibus
294 1942 394 1987 venerat
409 1925 549 1992 itionibus.
568 1929 675 2005 repetit:
696 1943 774 2010 atque
790 1930 844 1987 inde

104 2000 256 2067 'canufium
267 2008 391 2085 procedit.
430 2010 576 2085 Nunquam
589 2012 665 2068 Nero
676 2011 789 2093 vestigiis
799 2010 843 2067 Iro

105 2090 157 2171 'stis
170 2090 305 2151 abstiterat:
327 2094 356 2151 dc
368 2095 407 2168 Q.
418 2089 548 2153 Fulvium,
564 2110 651 2167 quum
664 2094 843 2169 Metapontum

112 2171 166 2249 ipse
184 2172 393 2251 proficisceretur,
420 2172 448 2228 in
467 2177 595 2239 Lucanos.
622 2191 656 2231 ne
670 2175 785 2253 reginen
797 2175 844 2233 iioe

113 2256 231 2331 ptaesrdio
245 2256 314 2319 esset,
332 2252 481 2313 arcessierat.

156 2339 258 2396 XLIII.
277 2340 347 2395 Inter
360 2336 416 2395 haec
425 2335 457 2393 ab
468 2332 608 2399 Asdrubale.
627 2336 844 2415 postquambPla·

115 2418 206 2475 eentiae
225 2416 357 2474 obsidione
382 2416 503 2483 abscedit,
529 2429 640 2495 quatuor
661 2418 731 2478 Galli
744 2420 846 2495 equitet,

113 2495 167 2552 duo
181 2497 306 2553 Numidae
318 2515 381 2557 cum
395 2497 668 2558 literisndllnnibalem
682 2500 845 2579 miliiquum

114 2594 159 2657 pes
173 2574 367 2643 medioshostes
379 2591 465 2637 totam
476 2581 558 2641 imme
569 2579 761 2663 longitudinem
775 2581 847 2642 Italia

115 2656 214 2717 emensr
231 2660 319 2727 essent,
338 2659 403 2719 dnm
420 2665 604 2741 Metapontum
619 2665 757 2726 cedentem
773 2664 847 2725 Anni-

113 2738 199 2799 balem
210 2737 357 2817 sequuntur,
373 2744 476 2803 incertis
489 2745 619 2806 itineribus
629 2752 778 2809 Tarentum
785 2748 846 2807 dela·

116 2821 147 2887 ti,
166 2818 182 2881 l
194 2820 265 2903 vagis
276 2841 322 2898 per
334 2844 410 2905 agros
420 2824 609 2905 pabtrletoribua
622 2832 756 2891 Romanis
772 2831 804 2889 ed
816 2832 846 2903 Q

772 2910 845 2985 Clan-¹
