1814 3316
117 158 327 232 LIBER
368 162 504 234 xxtv:
519 160 535 211 ἶ
632 180 690 247 179

53 272 114 319 tus:
132 262 226 339 perusti
244 262 294 321 iate
310 265 373 343 agri,
390 267 481 341 praedae
496 264 626 344 pecudum
641 264 691 321 ho-
712 284 715 289 ·

53 360 115 423 tque
141 346 214 402 ttstae.
242 346 336 421 oppida
354 348 380 402 vi
397 366 478 423 capta,
503 348 691 423 Compulteria,

54 465 64 491 ‚
88 424 215 503 Compsn,
239 428 321 492 Melz,
343 428 447 487 tutfulae
466 434 494 487 &c
515 430 692 488 Orbitanium.

53 507 121 567 :attis
144 508 258 567 uunuae:
288 509 433 587 Apulorum
446 512 514 569 AEcae
526 527 690 590 oppugnant.

53 588 170 647 hostium
188 591 216 645 in
236 590 275 647 his
294 591 397 649 urbibus
414 592 507 669 viginti
520 596 633 670 quinque
646 610 690 649 ca·

53 692 59 733 :
76 671 171 729 occist.
192 676 221 730 δι
234 674 328 749 recepti
347 670 460 751 perfugae
474 676 580 731 trecenti
592 672 690 751 septua-

72 770 140 830 quos
159 772 243 830 quum
261 758 380 812 Romam
400 756 504 814 mifiss'et
520 754 619 820 consul,
639 758 689 812 vir·

62 836 175 893 comitio
197 835 252 891 caest
272 854 374 900 omnes,
403 855 434 894 ac
456 837 488 895 de
506 837 566 895 saxu
586 836 691 911 dejeeii.

53 962 56 973 .
74 918 107 989 Q.
119 915 199 974 Fabio
213 917 278 974 intra
288 936 384 994 paucos
400 918 452 975 dies
463 918 543 998 gesti.
582 916 691 975 Marcel·
720 945 725 951 ·

54 1016 60 1053 t
71 999 189 1078 gerendis
198 997 273 1055 rebus
288 998 406 1056 valetudo
418 1000 516 1058 adversi
528 1000 604 1058 Noiae
615 1014 691 1057 tenu·

54 1080 226 1157 tiptaetnre
248 1084 286 1156 Q
304 1081 386 1145 Fabio,
407 1082 450 1139 cui
469 1083 534 1141 circu
552 1082 689 1141 Luceriam

54 1162 92 1219 eia
107 1177 169 1224 erat,
189 1166 275 1220 Accua
287 1164 412 1239 oppidum
425 1182 471 1238 per
485 1182 529 1221 eos
540 1164 593 1221 dies
606 1164 632 1219 vi
647 1180 690 1219 ca·

64 1244 203 1319 ihtivaque
217 1244 248 1300 ad
262 1245 391 1301 Ardoneas
403 1247 575 1303 communita.
614 1248 691 1301 Dum

55 1326 87 1383 iis
101 1324 165 1383 locis
179 1325 210 1381 ab
231 1327 360 1382 Romanis
374 1339 505 1403 geruntur,
522 1326 578 1399 jam
593 1330 691 1381 Taren·

54 1421 194 1463 terrenerat
213 1406 321 1462 Annibal
339 1424 401 1464 cum
421 1406 538 1462 maxima
556 1405 690 1467 omniurn,

54 1506 126 1566 nque
148 1490 218 1550 ierat,
244 1487 320 1546 clade.
367 1490 399 1543 In
420 1488 560 1545 Tarentino
580 1486 690 1541 demunt

54 1584 155 1630 totum
170 1569 283 1627 incedere
294 1588 389 1647 agmen
404 1572 495 1645 eoepit.
512 1565 575 1626 nihil
587 1566 620 1623 ibi
634 1570 692 1623 vio-

68 1670 153 1727 neque
167 1650 274 1727 usquam
290 1652 329 1708 via
339 1652 468 1708 excess’um
480 1652 524 1709 est.
544 1648 690 1727 apparebat-

54 1753 87 1793 nn
105 1734 133 1790 id
153 1733 275 1789 modestia
297 1732 408 1790 militum
430 1747 473 1790 aut
492 1732 571 1795 ducis,
591 1732 637 1788 niii
659 1731 690 1787 nd
723 1763 726 1770 ·

54 1814 135 1875 rudos
151 1816 352 1872 Tarentinorum
371 1816 483 1879 animos,
508 1813 570 1870 fieri.
613 1813 691 1868 Gete-

54 1914 125 1975 uum
139 1896 303 1973 propemodo
318 1896 399 1953 muris
412 1894 556 1959 acceffisset,
572 1892 643 1949 nullo
660 1892 691 1949 ad

54 1980 130 2037 &um
146 1978 225 2053 primi
247 1976 366 2055 agminis,
384 1992 413 2034 ut
429 1976 537 2039 rebatur,
556 1990 632 2033 motu
654 1976 693 2030 ia·

54 2060 119 2119 estre
135 2059 167 2115 ab
177 2058 239 2117 urbe
252 2059 334 2116 fenne
348 2060 430 2134 paiius
444 2056 513 2115 mille
524 2056 602 2113 locat.
638 2060 692 2111 Ta·

54 2142 127 2199 riduo
139 2158 275 2217 antequam
297 2138 404 2196 Annibal
421 2140 452 2195 ad
469 2138 569 2193 moenia
590 2136 693 2193 accede·

64 2226 106 2281 Μ.
120 2222 220 2280 Valerio
230 2238 394 2299 propraetore,
411 2218 457 2295 qui
476 2218 543 2277 classi
561 2214 592 2277 ad
612 2218 693 2276 Brun·

54 2324 66 2363 1
86 2320 200 2379 preerat.
226 2304 315 2361 missus
336 2306 375 2361 Μ.
394 2302 491 2365 Livius,
517 2302 631 2379 primore
649 2300 693 2375 ju-

55 2404 71 2445 e
89 2384 241 2463 conscripta,
259 2380 427 2463 dispofitisque
443 2384 474 2441 nd
488 2402 582 2441 omnes
599 2395 695 2460 portas,

55 2485 83 2527 ue
102 2487 203 2532 muros,
227 2464 277 2543 qui
297 2486 336 2523 res
354 2462 503 2542 postuhbtt,
532 2464 696 2527 stationihttt

72 2550 153 2607 nocte
173 2543 314 2627 plurimum
335 2548 455 2609 intentur,
473 2562 557 2623 neque
571 2545 696 2607 hostibus,

63 2631 147 2691 dubiis
160 2630 233 2690 sociis
251 2631 300 2687 loci
312 2632 453 2709 quiequam
471 2627 577 2705 praebuit
595 2627 626 2683 nd
639 2642 696 2684 ten·

55 2736 85 2773 n.
130 2718 224 2789 Qrare,
242 2712 329 2770 diebus
339 2712 435 2787 aliquot
448 2708 538 2767 frustra
550 2708 585 2767 ibi
595 2706 697 2767 absum·

55 2794 163 2859 iunian
185 2814 267 2873 quum
282 2814 373 2854 eorum
387 2810 475 2857 nemo,
497 2793 542 2868 qui
562 2790 592 2849 ad
608 2789 699 2845 lucum

55 2880 90 2940 ini
107 2877 220 2949 adiuerit,
243 2892 288 2939 aut
304 2878 351 2956 ipsi
369 2874 493 2953 micent,
508 2884 555 2933 nn
570 2864 706 3006 unffi
