<?xml version="1.0" encoding="UTF-8"?>
<!DOCTYPE html PUBLIC "-//W3C//DTD XHTML 1.0 Transitional//EN"
    "http://www.w3.org/TR/xhtml1/DTD/xhtml1-transitional.dtd">
<html xmlns="http://www.w3.org/1999/xhtml" xml:lang="en" lang="en">
 <head>
  <title>
</title>
<meta http-equiv="Content-Type" content="text/html;charset=utf-8" />
  <meta name='ocr-system' content='tesseract 3.04.00' />
  <meta name='ocr-capabilities' content='ocr_page ocr_carea ocr_par ocr_line ocrx_word'/>
</head>
<body>
  <div class='ocr_page' id='page_1' title='image "./tliviipatavinih02livygoog_0367.png"; bbox 0 0 1814 3316; ppageno 0'>
   <div class='ocr_carea' id='block_1_1' title="bbox 80 116 655 206">
    <p class='ocr_par' dir='ltr' id='par_1_1' title="bbox 80 116 655 206">
     <span class='ocr_line' id='line_1_1' title="bbox 80 116 655 206; baseline -0.028 -15"><span class='ocrx_word' id='word_1_1' title='bbox 80 141 143 206; x_wconf 79' lang='lat'>404</span> <span class='ocrx_word' id='word_1_2' title='bbox 273 118 365 185; x_wconf 95' lang='grc' dir='ltr'>Τ.</span> <span class='ocrx_word' id='word_1_3' title='bbox 408 116 655 187; x_wconf 77' lang='lat' dir='ltr'>Livii.</span> 
     </span>
    </p>
   </div>
   <div class='ocr_carea' id='block_1_2' title="bbox 77 192 819 386">
    <p class='ocr_par' dir='ltr' id='par_1_2' title="bbox 77 192 819 386">
     <span class='ocr_line' id='line_1_2' title="bbox 77 192 819 303; baseline -0.008 -19"><span class='ocrx_word' id='word_1_4' title='bbox 77 192 237 303; x_wconf 75' lang='lat' dir='ltr'>comparere,</span> <span class='ocrx_word' id='word_1_5' title='bbox 258 221 345 280; x_wconf 86' lang='lat' dir='ltr'>fraude</span> <span class='ocrx_word' id='word_1_6' title='bbox 359 237 461 281; x_wconf 84' lang='lat' dir='ltr'>amotas</span> <span class='ocrx_word' id='word_1_7' title='bbox 473 224 557 302; x_wconf 81' lang='lat' dir='ltr'>magis</span> <span class='ocrx_word' id='word_1_8' title='bbox 577 237 646 286; x_wconf 85' lang='lat' dir='ltr'>ratus¹</span> <span class='ocrx_word' id='word_1_9' title='bbox 666 200 748 298; x_wconf 70' lang='lat' dir='ltr'>quim</span> <span class='ocrx_word' id='word_1_10' title='bbox 770 208 819 282; x_wconf 68' lang='lat' dir='ltr'>ne&#39;⁴²</span> 
     </span>
     <span class='ocr_line' id='line_1_3' title="bbox 79 301 819 386; baseline -0.007 -21"><span class='ocrx_word' id='word_1_11' title='bbox 79 307 201 386; x_wconf 80' lang='lat' dir='ltr'>gligentia</span> <span class='ocrx_word' id='word_1_12' title='bbox 213 301 369 369; x_wconf 82' lang='lat' dir='ltr'>intercidisse,</span> <span class='ocrx_word' id='word_1_13' title='bbox 391 303 444 381; x_wconf 86' lang='lat' dir='ltr'>ipse</span> <span class='ocrx_word' id='word_1_14' title='bbox 454 303 513 363; x_wconf 75' lang='lat' dir='ltr'>alins</span> <span class='ocrx_word' id='word_1_15' title='bbox 526 303 607 370; x_wconf 79' lang='lat' dir='ltr'>claves</span> <span class='ocrx_word' id='word_1_16' title='bbox 618 304 743 362; x_wconf 85' lang='lat' dir='ltr'>omnibus</span> <span class='ocrx_word' id='word_1_17' title='bbox 756 321 819 383; x_wconf 83' lang='lat' dir='ltr'>pur·</span> 
     </span>
    </p>
   </div>
   <div class='ocr_carea' id='block_1_3' title="bbox 18 386 851 2968">
    <p class='ocr_par' dir='ltr' id='par_1_3' title="bbox 79 386 817 710">
     <span class='ocr_line' id='line_1_4' title="bbox 80 386 816 464; baseline -0.007 -18"><span class='ocrx_word' id='word_1_18' title='bbox 80 391 114 446; x_wconf 89' lang='lat' dir='ltr'>tis</span> <span class='ocrx_word' id='word_1_19' title='bbox 126 386 261 463; x_wconf 88' lang='lat' dir='ltr'>imposuit:</span> <span class='ocrx_word' id='word_1_20' title='bbox 285 386 402 462; x_wconf 86' lang='lat' dir='ltr'>cavitque</span> <span class='ocrx_word' id='word_1_21' title='bbox 415 405 477 443; x_wconf 91' lang='lat' dir='ltr'>cum</span> <span class='ocrx_word' id='word_1_22' title='bbox 491 405 559 449; x_wconf 80' lang='lat' dir='ltr'>cura,</span> <span class='ocrx_word' id='word_1_23' title='bbox 579 400 609 444; x_wconf 86' lang='lat' dir='ltr'>ut</span> <span class='ocrx_word' id='word_1_24' title='bbox 623 386 715 443; x_wconf 86' lang='lat' dir='ltr'>omnia</span> <span class='ocrx_word' id='word_1_25' title='bbox 726 387 754 445; x_wconf 91' lang='lat' dir='ltr'>in</span> <span class='ocrx_word' id='word_1_26' title='bbox 766 406 816 464; x_wconf 79' lang='lat' dir='ltr'>po·</span> 
     </span>
     <span class='ocr_line' id='line_1_5' title="bbox 80 464 815 546; baseline -0.011 -18"><span class='ocrx_word' id='word_1_27' title='bbox 80 472 170 546; x_wconf 71' lang='lat' dir='ltr'>aestate</span> <span class='ocrx_word' id='word_1_28' title='bbox 183 467 226 526; x_wconf 87' lang='lat' dir='ltr'>sua</span> <span class='ocrx_word' id='word_1_29' title='bbox 239 466 328 526; x_wconf 85' lang='lat' dir='ltr'>essent.</span> <span class='ocrx_word' id='word_1_30' title='bbox 368 467 507 525; x_wconf 85' lang='lat' dir='ltr'>Hostilium</span> <span class='ocrx_word' id='word_1_31' title='bbox 518 464 640 526; x_wconf 82' lang='lat' dir='ltr'>intentibs</span> <span class='ocrx_word' id='word_1_32' title='bbox 653 469 774 533; x_wconf 78' lang='lat' dir='ltr'>monuit,</span> <span class='ocrx_word' id='word_1_33' title='bbox 783 473 815 524; x_wconf 82' lang='lat' dir='ltr'>nt</span> 
     </span>
     <span class='ocr_line' id='line_1_6' title="bbox 83 547 817 628; baseline -0.001 -21"><span class='ocrx_word' id='word_1_34' title='bbox 83 553 109 607; x_wconf 91' lang='lat' dir='ltr'>in</span> <span class='ocrx_word' id='word_1_35' title='bbox 122 569 154 608; x_wconf 91' lang='lat' dir='ltr'>eo</span> <span class='ocrx_word' id='word_1_36' title='bbox 166 549 239 628; x_wconf 88' lang='lat' dir='ltr'>spem</span> <span class='ocrx_word' id='word_1_37' title='bbox 252 569 307 606; x_wconf 92' lang='lat' dir='ltr'>non</span> <span class='ocrx_word' id='word_1_38' title='bbox 315 563 434 607; x_wconf 89' lang='lat' dir='ltr'>moturos</span> <span class='ocrx_word' id='word_1_39' title='bbox 446 550 586 626; x_wconf 82' lang='lat' dir='ltr'>quicquam</span> <span class='ocrx_word' id='word_1_40' title='bbox 600 547 721 608; x_wconf 74' lang='lat' dir='ltr'>Etruscos</span> <span class='ocrx_word' id='word_1_41' title='bbox 734 566 817 624; x_wconf 54' lang='lat' dir='ltr'>pone*¹</span> 
     </span>
     <span class='ocr_line' id='line_1_7' title="bbox 79 630 660 710; baseline -0.007 -20"><span class='ocrx_word' id='word_1_42' title='bbox 79 647 129 706; x_wconf 82' lang='lat' dir='ltr'>ret,</span> <span class='ocrx_word' id='word_1_43' title='bbox 148 633 176 697; x_wconf 83' lang='lat' dir='ltr'>si,</span> <span class='ocrx_word' id='word_1_44' title='bbox 196 633 301 710; x_wconf 85' lang='lat' dir='ltr'>nequid</span> <span class='ocrx_word' id='word_1_45' title='bbox 320 632 420 688; x_wconf 85' lang='lat' dir='ltr'>moveri</span> <span class='ocrx_word' id='word_1_46' title='bbox 435 631 524 708; x_wconf 84' lang='lat' dir='ltr'>poss‘er,</span> <span class='ocrx_word' id='word_1_47' title='bbox 544 630 660 691; x_wconf 66' lang='lat' dir='ltr'>cavisset,</span> 
     </span>
    </p>

    <p class='ocr_par' dir='ltr' id='par_1_4' title="bbox 18 713 851 1770">
     <span class='ocr_line' id='line_1_8' title="bbox 123 713 851 792; baseline -0.001 -20"><span class='ocrx_word' id='word_1_48' title='bbox 123 717 213 772; x_wconf 84' lang='lat' dir='ltr'>XXV.</span> <span class='ocrx_word' id='word_1_49' title='bbox 230 719 270 772; x_wconf 89' lang='lat' dir='ltr'>De</span> <span class='ocrx_word' id='word_1_50' title='bbox 288 714 433 772; x_wconf 80' lang='lat' dir='ltr'>Tarentinis</span> <span class='ocrx_word' id='word_1_51' title='bbox 454 713 513 770; x_wconf 89' lang='lat' dir='ltr'>inde</span> <span class='ocrx_word' id='word_1_52' title='bbox 533 731 628 792; x_wconf 81' lang='lat' dir='ltr'>magna</span> <span class='ocrx_word' id='word_1_53' title='bbox 650 713 816 772; x_wconf 80' lang='lat' dir='ltr'>contentione</span> <span class='ocrx_word' id='word_1_54' title='bbox 848 765 851 771; x_wconf 88' lang='lat'><em>.</em></span> 
     </span>
     <span class='ocr_line' id='line_1_9' title="bbox 84 793 816 870; baseline -0.001 -18"><span class='ocrx_word' id='word_1_55' title='bbox 84 797 112 852; x_wconf 91' lang='lat' dir='ltr'>in</span> <span class='ocrx_word' id='word_1_56' title='bbox 128 795 215 854; x_wconf 79' lang='lat' dir='ltr'>scrnatu</span> <span class='ocrx_word' id='word_1_57' title='bbox 235 797 324 853; x_wconf 76' lang='lat' dir='ltr'>adium</span> <span class='ocrx_word' id='word_1_58' title='bbox 347 813 437 853; x_wconf 79' lang='lat' dir='ltr'>corum</span> <span class='ocrx_word' id='word_1_59' title='bbox 462 793 553 860; x_wconf 74' lang='lat' dir='ltr'>Fabios</span> <span class='ocrx_word' id='word_1_60' title='bbox 587 795 741 863; x_wconf 81' lang='lat' dir='ltr'>defendente</span> <span class='ocrx_word' id='word_1_61' title='bbox 764 793 816 870; x_wconf 81' lang='lat' dir='ltr'>ipso</span> 
     </span>
     <span class='ocr_line' id='line_1_10' title="bbox 85 874 816 955; baseline -0.004 -19"><span class='ocrx_word' id='word_1_62' title='bbox 85 895 152 955; x_wconf 89' lang='lat' dir='ltr'>quos</span> <span class='ocrx_word' id='word_1_63' title='bbox 164 894 263 953; x_wconf 83' lang='lat' dir='ltr'>ceperat</span> <span class='ocrx_word' id='word_1_64' title='bbox 276 877 363 941; x_wconf 87' lang='lat' dir='ltr'>armis,</span> <span class='ocrx_word' id='word_1_65' title='bbox 377 874 816 954; x_wconf 78' lang='lat' dir='ltr'>aliisinfensis,&amp;plerisquearqtun·¹</span> 
     </span>
     <span class='ocr_line' id='line_1_11' title="bbox 84 953 817 1036; baseline 0.001 -21"><span class='ocrx_word' id='word_1_66' title='bbox 84 959 153 1017; x_wconf 88' lang='lat' dir='ltr'>tibus</span> <span class='ocrx_word' id='word_1_67' title='bbox 166 979 210 1017; x_wconf 89' lang='lat' dir='ltr'>eos</span> <span class='ocrx_word' id='word_1_68' title='bbox 223 963 419 1035; x_wconf 81' lang='lat' dir='ltr'>Campanorum</span> <span class='ocrx_word' id='word_1_69' title='bbox 432 977 507 1016; x_wconf 86' lang='lat' dir='ltr'>noxae</span> <span class='ocrx_word' id='word_1_70' title='bbox 518 977 667 1036; x_wconf 81' lang='lat' dir='ltr'>poenasque.</span> <span class='ocrx_word' id='word_1_71' title='bbox 705 953 817 1016; x_wconf 77' lang='lat' dir='ltr'>senatus·</span> 
     </span>
     <span class='ocr_line' id='line_1_12' title="bbox 87 1038 817 1104; baseline -0.001 -6"><span class='ocrx_word' id='word_1_72' title='bbox 87 1039 235 1098; x_wconf 84' lang='lat' dir='ltr'>consultum</span> <span class='ocrx_word' id='word_1_73' title='bbox 251 1043 279 1098; x_wconf 92' lang='lat' dir='ltr'>in</span> <span class='ocrx_word' id='word_1_74' title='bbox 289 1039 441 1098; x_wconf 89' lang='lat' dir='ltr'>sententiam</span> <span class='ocrx_word' id='word_1_75' title='bbox 461 1041 541 1098; x_wconf 86' lang='lat' dir='ltr'>Manii</span> <span class='ocrx_word' id='word_1_76' title='bbox 560 1039 633 1098; x_wconf 83' lang='lat' dir='ltr'>Acilii</span> <span class='ocrx_word' id='word_1_77' title='bbox 651 1038 755 1097; x_wconf 64' lang='lat' dir='ltr'>fassum</span> <span class='ocrx_word' id='word_1_78' title='bbox 773 1040 817 1104; x_wconf 82' lang='lat' dir='ltr'>eil,</span> 
     </span>
     <span class='ocr_line' id='line_1_13' title="bbox 86 1120 817 1199; baseline 0 -21"><span class='ocrx_word' id='word_1_79' title='bbox 86 1135 116 1178; x_wconf 92' lang='lat' dir='ltr'>ut</span> <span class='ocrx_word' id='word_1_80' title='bbox 135 1123 263 1199; x_wconf 86' lang='lat' dir='ltr'>oppidum</span> <span class='ocrx_word' id='word_1_81' title='bbox 284 1123 400 1198; x_wconf 70' lang='lat' dir='ltr'>prandio</span> <span class='ocrx_word' id='word_1_82' title='bbox 419 1121 599 1180; x_wconf 86' lang='lat' dir='ltr'>custodiretur:</span> <span class='ocrx_word' id='word_1_83' title='bbox 638 1120 817 1198; x_wconf 81' lang='lat' dir='ltr'>Tarentinique</span> 
     </span>
     <span class='ocr_line' id='line_1_14' title="bbox 18 1203 817 1282; baseline -0.005 -23"><span class='ocrx_word' id='word_1_84' title='bbox 18 1205 23 1209; x_wconf 82' lang='grc'><em>’</em></span> <span class='ocrx_word' id='word_1_85' title='bbox 84 1221 177 1260; x_wconf 89' lang='lat' dir='ltr'>omnes</span> <span class='ocrx_word' id='word_1_86' title='bbox 191 1205 257 1260; x_wconf 83' lang='lat' dir='ltr'>iutra</span> <span class='ocrx_word' id='word_1_87' title='bbox 270 1205 575 1262; x_wconf 83' lang='lat' dir='ltr'>morniacontinerentur.</span> <span class='ocrx_word' id='word_1_88' title='bbox 587 1222 627 1262; x_wconf 89' lang='lat' dir='ltr'>res</span> <span class='ocrx_word' id='word_1_89' title='bbox 639 1203 817 1282; x_wconf 31' lang='lat' dir='ltr'>inte&#39;grarposts</span> 
     </span>
     <span class='ocr_line' id='line_1_15' title="bbox 81 1283 818 1365; baseline 0.007 -23"><span class='ocrx_word' id='word_1_90' title='bbox 81 1304 118 1357; x_wconf 23' lang='lat' dir='ltr'>&#39;ca</span> <span class='ocrx_word' id='word_1_91' title='bbox 133 1285 280 1352; x_wconf 82' lang='lat' dir='ltr'>referretur,</span> <span class='ocrx_word' id='word_1_92' title='bbox 312 1305 396 1365; x_wconf 88' lang='lat' dir='ltr'>quum</span> <span class='ocrx_word' id='word_1_93' title='bbox 419 1285 581 1362; x_wconf 83' lang='lat' dir='ltr'>tranquillior·</span> <span class='ocrx_word' id='word_1_94' title='bbox 595 1288 674 1344; x_wconf 86' lang='lat' dir='ltr'>slatus</span> <span class='ocrx_word' id='word_1_95' title='bbox 691 1284 767 1345; x_wconf 73' lang='lat' dir='ltr'>ltaliae</span> <span class='ocrx_word' id='word_1_96' title='bbox 781 1283 818 1347; x_wconf 69' lang='lat' dir='ltr'>,el-</span> 
     </span>
     <span class='ocr_line' id='line_1_16' title="bbox 91 1366 845 1443; baseline -0.008 -17"><span class='ocrx_word' id='word_1_97' title='bbox 91 1366 136 1427; x_wconf 85' lang='lat' dir='ltr'>ser.</span> <span class='ocrx_word' id='word_1_98' title='bbox 182 1373 216 1426; x_wconf 91' lang='lat' dir='ltr'>Et</span> <span class='ocrx_word' id='word_1_99' title='bbox 231 1370 264 1426; x_wconf 89' lang='lat' dir='ltr'>de</span> <span class='ocrx_word' id='word_1_100' title='bbox 292 1375 332 1428; x_wconf 90' lang='lat' dir='ltr'>M.</span> <span class='ocrx_word' id='word_1_101' title='bbox 352 1369 427 1428; x_wconf 76' lang='lat' dir='ltr'>Livio</span> <span class='ocrx_word' id='word_1_102' title='bbox 445 1367 567 1443; x_wconf 68' lang='lat' dir='ltr'>proferto</span> <span class='ocrx_word' id='word_1_103' title='bbox 590 1368 655 1427; x_wconf 85' lang='lat' dir='ltr'>arcis</span> <span class='ocrx_word' id='word_1_104' title='bbox 672 1368 817 1426; x_wconf 72' lang='lat' dir='ltr'>Tarentinn</span> <span class='ocrx_word' id='word_1_105' title='bbox 842 1414 845 1420; x_wconf 89' lang='lat'>.</span> 
     </span>
     <span class='ocr_line' id='line_1_17' title="bbox 89 1443 820 1508; baseline 0.001 -2"><span class='ocrx_word' id='word_1_106' title='bbox 89 1448 155 1507; x_wconf 84' lang='lat' dir='ltr'>haud</span> <span class='ocrx_word' id='word_1_107' title='bbox 181 1451 282 1507; x_wconf 87' lang='lat' dir='ltr'>minore</span> <span class='ocrx_word' id='word_1_108' title='bbox 306 1451 444 1508; x_wconf 78' lang='lat' dir='ltr'>certamine</span> <span class='ocrx_word' id='word_1_109' title='bbox 463 1449 552 1504; x_wconf 76' lang='lat' dir='ltr'>retum</span> <span class='ocrx_word' id='word_1_110' title='bbox 570 1451 622 1507; x_wconf 89' lang='lat' dir='ltr'>est:</span> <span class='ocrx_word' id='word_1_111' title='bbox 646 1447 700 1506; x_wconf 89' lang='lat' dir='ltr'>aliis</span> <span class='ocrx_word' id='word_1_112' title='bbox 713 1443 820 1507; x_wconf 76' lang='lat' dir='ltr'>senonis·</span> 
     </span>
     <span class='ocr_line' id='line_1_18' title="bbox 90 1527 820 1607; baseline -0.003 -19"><span class='ocrx_word' id='word_1_113' title='bbox 90 1529 208 1588; x_wconf 86' lang='lat' dir='ltr'>consulto</span> <span class='ocrx_word' id='word_1_114' title='bbox 228 1532 375 1603; x_wconf 84' lang='lat' dir='ltr'>notantibus</span> <span class='ocrx_word' id='word_1_115' title='bbox 389 1531 552 1606; x_wconf 71' lang='lat' dir='ltr'>praesestum,</span> <span class='ocrx_word' id='word_1_116' title='bbox 573 1528 644 1607; x_wconf 81' lang='lat' dir='ltr'>qubd</span> <span class='ocrx_word' id='word_1_117' title='bbox 661 1531 720 1604; x_wconf 81' lang='lat' dir='ltr'>ejus</span> <span class='ocrx_word' id='word_1_118' title='bbox 737 1527 820 1588; x_wconf 86' lang='lat' dir='ltr'>sotor·</span> 
     </span>
     <span class='ocr_line' id='line_1_19' title="bbox 88 1608 821 1688; baseline 0.003 -22"><span class='ocrx_word' id='word_1_119' title='bbox 88 1611 129 1668; x_wconf 86' lang='lat' dir='ltr'>dia</span> <span class='ocrx_word' id='word_1_120' title='bbox 149 1617 293 1669; x_wconf 79' lang='lat' dir='ltr'>Tarentum</span> <span class='ocrx_word' id='word_1_121' title='bbox 314 1614 447 1686; x_wconf 88' lang='lat' dir='ltr'>proditum</span> <span class='ocrx_word' id='word_1_122' title='bbox 463 1608 530 1668; x_wconf 88' lang='lat' dir='ltr'>hosti</span> <span class='ocrx_word' id='word_1_123' title='bbox 545 1611 618 1669; x_wconf 78' lang='lat' dir='ltr'>esser:</span> <span class='ocrx_word' id='word_1_124' title='bbox 645 1610 701 1669; x_wconf 88' lang='lat' dir='ltr'>aliis</span> <span class='ocrx_word' id='word_1_125' title='bbox 716 1611 821 1688; x_wconf 84' lang='lat' dir='ltr'>praernia</span> 
     </span>
     <span class='ocr_line' id='line_1_20' title="bbox 88 1690 822 1770; baseline -0.001 -20"><span class='ocrx_word' id='word_1_126' title='bbox 88 1692 290 1756; x_wconf 76' lang='lat' dir='ltr'>decernentibus,</span> <span class='ocrx_word' id='word_1_127' title='bbox 311 1690 385 1770; x_wconf 86' lang='lat' dir='ltr'>qubd</span> <span class='ocrx_word' id='word_1_128' title='bbox 402 1711 446 1770; x_wconf 87' lang='lat' dir='ltr'>per</span> <span class='ocrx_word' id='word_1_129' title='bbox 459 1691 667 1768; x_wconf 84' lang='lat' dir='ltr'>quinquennium</span> <span class='ocrx_word' id='word_1_130' title='bbox 679 1707 822 1752; x_wconf 79' lang='lat' dir='ltr'>-arcenstu-</span> 
     </span>
    </p>

    <p class='ocr_par' dir='ltr' id='par_1_5' title="bbox 40 1773 823 1924">
     <span class='ocr_line' id='line_1_21' title="bbox 40 1773 822 1852; baseline 0.003 -21"><span class='ocrx_word' id='word_1_131' title='bbox 40 1786 42 1790; x_wconf 71' lang='grc'><strong>“</strong></span> <span class='ocrx_word' id='word_1_132' title='bbox 89 1786 157 1843; x_wconf 69' lang='lat' dir='ltr'>estus</span> <span class='ocrx_word' id='word_1_133' title='bbox 171 1773 238 1836; x_wconf 84' lang='lat' dir='ltr'>esset.</span> <span class='ocrx_word' id='word_1_134' title='bbox 257 1776 421 1850; x_wconf 81' lang='lat' dir='ltr'>maximeque</span> <span class='ocrx_word' id='word_1_135' title='bbox 435 1773 511 1832; x_wconf 88' lang='lat' dir='ltr'>unius</span> <span class='ocrx_word' id='word_1_136' title='bbox 524 1775 581 1848; x_wconf 87' lang='lat' dir='ltr'>ejus</span> <span class='ocrx_word' id='word_1_137' title='bbox 593 1793 672 1852; x_wconf 78' lang='lat' dir='ltr'>opem</span> <span class='ocrx_word' id='word_1_138' title='bbox 689 1789 822 1851; x_wconf 82' lang='lat' dir='ltr'>receptum</span> 
     </span>
     <span class='ocr_line' id='line_1_22' title="bbox 89 1853 823 1924; baseline -0.003 -7"><span class='ocrx_word' id='word_1_139' title='bbox 89 1862 234 1917; x_wconf 82' lang='lat' dir='ltr'>Tarentum</span> <span class='ocrx_word' id='word_1_140' title='bbox 249 1854 328 1915; x_wconf 85' lang='lat' dir='ltr'>foret:</span> <span class='ocrx_word' id='word_1_141' title='bbox 351 1857 443 1918; x_wconf 81' lang='lat' dir='ltr'>mediis</span> <span class='ocrx_word' id='word_1_142' title='bbox 458 1855 489 1912; x_wconf 85' lang='lat' dir='ltr'>sd</span> <span class='ocrx_word' id='word_1_143' title='bbox 503 1853 626 1924; x_wconf 77' lang='lat' dir='ltr'>censores,</span> <span class='ocrx_word' id='word_1_144' title='bbox 643 1875 699 1914; x_wconf 91' lang='lat' dir='ltr'>non</span> <span class='ocrx_word' id='word_1_145' title='bbox 711 1856 749 1915; x_wconf 85' lang='lat' dir='ltr'>ad</span> <span class='ocrx_word' id='word_1_146' title='bbox 756 1855 823 1915; x_wconf 66' lang='lat' dir='ltr'>senar</span> 
     </span>
    </p>

    <p class='ocr_par' dir='ltr' id='par_1_6' title="bbox 86 1937 824 2094">
     <span class='ocr_line' id='line_1_23' title="bbox 86 1937 823 2015; baseline 0.003 -19"><span class='ocrx_word' id='word_1_147' title='bbox 86 1951 156 2004; x_wconf 87' lang='lat' dir='ltr'>rum,</span> <span class='ocrx_word' id='word_1_148' title='bbox 180 1941 316 1998; x_wconf 88' lang='lat' dir='ltr'>notionem</span> <span class='ocrx_word' id='word_1_149' title='bbox 335 1938 368 2007; x_wconf 81' lang='lat' dir='ltr'>de</span> <span class='ocrx_word' id='word_1_150' title='bbox 385 1957 419 1996; x_wconf 89' lang='lat' dir='ltr'>eo</span> <span class='ocrx_word' id='word_1_151' title='bbox 437 1937 563 2015; x_wconf 83' lang='lat' dir='ltr'>pertinere</span> <span class='ocrx_word' id='word_1_152' title='bbox 577 1938 730 1999; x_wconf 78' lang='lat' dir='ltr'>dicentibus.</span> <span class='ocrx_word' id='word_1_153' title='bbox 750 1938 823 2014; x_wconf 75' lang='lat' dir='ltr'>cujus</span> 
     </span>
     <span class='ocr_line' id='line_1_24' title="bbox 90 2016 824 2094; baseline 0.003 -16"><span class='ocrx_word' id='word_1_154' title='bbox 90 2019 220 2080; x_wconf 86' lang='lat' dir='ltr'>sententiae</span> <span class='ocrx_word' id='word_1_155' title='bbox 238 2025 266 2081; x_wconf 77' lang='lat' dir='ltr'>bt</span> <span class='ocrx_word' id='word_1_156' title='bbox 287 2019 377 2079; x_wconf 76' lang='lat' dir='ltr'>Fabius</span> <span class='ocrx_word' id='word_1_157' title='bbox 396 2019 455 2078; x_wconf 86' lang='lat' dir='ltr'>fuit.</span> <span class='ocrx_word' id='word_1_158' title='bbox 475 2020 570 2094; x_wconf 80' lang='lat' dir='ltr'>adjecit</span> <span class='ocrx_word' id='word_1_159' title='bbox 587 2034 685 2085; x_wconf 86' lang='lat' dir='ltr'>tamen,</span> <span class='ocrx_word' id='word_1_160' title='bbox 704 2020 778 2082; x_wconf 76' lang='lat' dir='ltr'>meri</span> <span class='ocrx_word' id='word_1_161' title='bbox 791 2016 824 2082; x_wconf 73' lang='lat' dir='ltr'>se.</span> 
     </span>
    </p>

    <p class='ocr_par' dir='ltr' id='par_1_7' title="bbox 83 2101 825 2263">
     <span class='ocr_line' id='line_1_25' title="bbox 83 2101 825 2181; baseline -0.001 -22"><span class='ocrx_word' id='word_1_162' title='bbox 83 2121 170 2181; x_wconf 17' lang='lat' dir='ltr'>*opera</span> <span class='ocrx_word' id='word_1_163' title='bbox 183 2104 249 2162; x_wconf 84' lang='lat' dir='ltr'>Livii</span> <span class='ocrx_word' id='word_1_164' title='bbox 257 2108 403 2176; x_wconf 50' lang='lat' dir='ltr'>¹Tarentum</span> <span class='ocrx_word' id='word_1_165' title='bbox 415 2118 557 2178; x_wconf 88' lang='lat' dir='ltr'>receptum,</span> <span class='ocrx_word' id='word_1_166' title='bbox 576 2103 658 2180; x_wconf 90' lang='lat' dir='ltr'>(quod</span> <span class='ocrx_word' id='word_1_167' title='bbox 672 2103 760 2159; x_wconf 77' lang='lat' dir='ltr'>amici·-</span> <span class='ocrx_word' id='word_1_168' title='bbox 771 2101 825 2176; x_wconf 80' lang='lat' dir='ltr'>ejus</span> 
     </span>
     <span class='ocr_line' id='line_1_26' title="bbox 93 2182 824 2263; baseline -0.003 -23"><span class='ocrx_word' id='word_1_169' title='bbox 93 2183 174 2263; x_wconf 82' lang='lat' dir='ltr'>uulgb</span> <span class='ocrx_word' id='word_1_170' title='bbox 190 2187 217 2242; x_wconf 91' lang='lat' dir='ltr'>in</span> <span class='ocrx_word' id='word_1_171' title='bbox 236 2183 323 2243; x_wconf 87' lang='lat' dir='ltr'>senatu</span> <span class='ocrx_word' id='word_1_172' title='bbox 344 2182 487 2260; x_wconf 70' lang='lat' dir='ltr'>justitient)</span> <span class='ocrx_word' id='word_1_173' title='bbox 508 2201 591 2261; x_wconf 87' lang='lat' dir='ltr'>neque</span> <span class='ocrx_word' id='word_1_174' title='bbox 614 2183 686 2241; x_wconf 91' lang='lat' dir='ltr'>enim</span> <span class='ocrx_word' id='word_1_175' title='bbox 700 2184 824 2261; x_wconf 86' lang='lat' dir='ltr'>recipiun-</span> 
     </span>
    </p>

    <p class='ocr_par' dir='ltr' id='par_1_8' title="bbox 85 2261 826 2587">
     <span class='ocr_line' id='line_1_27' title="bbox 89 2261 824 2330; baseline 0 -8"><span class='ocrx_word' id='word_1_176' title='bbox 89 2266 156 2322; x_wconf 91' lang='lat' dir='ltr'>dum</span> <span class='ocrx_word' id='word_1_177' title='bbox 172 2266 253 2330; x_wconf 86' lang='lat' dir='ltr'>fuisse,</span> <span class='ocrx_word' id='word_1_178' title='bbox 276 2268 324 2324; x_wconf 88' lang='lat' dir='ltr'>nisr</span> <span class='ocrx_word' id='word_1_179' title='bbox 336 2264 457 2329; x_wconf 78' lang='lat' dir='ltr'>amissum</span> <span class='ocrx_word' id='word_1_180' title='bbox 481 2264 556 2322; x_wconf 88' lang='lat' dir='ltr'>foret.</span> <span class='ocrx_word' id='word_1_181' title='bbox 598 2264 745 2322; x_wconf 83' lang='lat' dir='ltr'>Consulum</span> <span class='ocrx_word' id='word_1_182' title='bbox 758 2261 824 2322; x_wconf 49' lang='lat' dir='ltr'>&gt;alter</span> 
     </span>
     <span class='ocr_line' id='line_1_28' title="bbox 85 2341 823 2424; baseline -0.003 -21"><span class='ocrx_word' id='word_1_183' title='bbox 85 2348 256 2424; x_wconf 14' lang='lat' dir='ltr'>&#39;&#39;RQrintius</span> <span class='ocrx_word' id='word_1_184' title='bbox 268 2347 400 2423; x_wconf 82' lang='lat' dir='ltr'>Crispinus</span> <span class='ocrx_word' id='word_1_185' title='bbox 412 2348 442 2404; x_wconf 85' lang='lat' dir='ltr'>ad</span> <span class='ocrx_word' id='word_1_186' title='bbox 457 2347 608 2413; x_wconf 83' lang='lat' dir='ltr'>exercitum,</span> <span class='ocrx_word' id='word_1_187' title='bbox 628 2365 710 2423; x_wconf 86' lang='lat' dir='ltr'>quem</span> <span class='ocrx_word' id='word_1_188' title='bbox 726 2341 823 2422; x_wconf 78' lang='lat' dir='ltr'>QFul·</span> 
     </span>
     <span class='ocr_line' id='line_1_29' title="bbox 91 2427 826 2505; baseline 0.005 -23"><span class='ocrx_word' id='word_1_189' title='bbox 91 2428 149 2483; x_wconf 81' lang='lat' dir='ltr'>vius</span> <span class='ocrx_word' id='word_1_190' title='bbox 163 2427 265 2486; x_wconf 85' lang='lat' dir='ltr'>Flaccus</span> <span class='ocrx_word' id='word_1_191' title='bbox 278 2427 407 2491; x_wconf 84' lang='lat' dir='ltr'>habuerat,</span> <span class='ocrx_word' id='word_1_192' title='bbox 427 2447 489 2487; x_wconf 87' lang='lat' dir='ltr'>cum</span> <span class='ocrx_word' id='word_1_193' title='bbox 507 2427 683 2505; x_wconf 87' lang='lat' dir='ltr'>supplemento</span> <span class='ocrx_word' id='word_1_194' title='bbox 701 2428 730 2484; x_wconf 90' lang='lat' dir='ltr'>in</span> <span class='ocrx_word' id='word_1_195' title='bbox 743 2432 826 2486; x_wconf 81' lang='lat' dir='ltr'>Lura·</span> 
     </span>
     <span class='ocr_line' id='line_1_30' title="bbox 92 2506 825 2587; baseline -0.001 -21"><span class='ocrx_word' id='word_1_196' title='bbox 92 2525 141 2566; x_wconf 86' lang='lat' dir='ltr'>nos</span> <span class='ocrx_word' id='word_1_197' title='bbox 155 2508 192 2562; x_wconf 88' lang='lat' dir='ltr'>est</span> <span class='ocrx_word' id='word_1_198' title='bbox 203 2506 344 2583; x_wconf 77' lang='lat' dir='ltr'>profectus.</span> <span class='ocrx_word' id='word_1_199' title='bbox 382 2507 534 2568; x_wconf 77' lang='lat' dir='ltr'>Marcellum</span> <span class='ocrx_word' id='word_1_200' title='bbox 547 2509 600 2568; x_wconf 85' lang='lat' dir='ltr'>aliae</span> <span class='ocrx_word' id='word_1_201' title='bbox 613 2525 691 2587; x_wconf 86' lang='lat' dir='ltr'>atque</span> <span class='ocrx_word' id='word_1_202' title='bbox 710 2507 763 2568; x_wconf 80' lang='lat' dir='ltr'>aliar</span> <span class='ocrx_word' id='word_1_203' title='bbox 781 2506 825 2565; x_wconf 90' lang='lat' dir='ltr'>ob-</span> 
     </span>
    </p>

    <p class='ocr_par' dir='ltr' id='par_1_9' title="bbox 85 2588 829 2829">
     <span class='ocr_line' id='line_1_31' title="bbox 85 2588 828 2670; baseline 0.003 -24"><span class='ocrx_word' id='word_1_204' title='bbox 85 2588 170 2670; x_wconf 70' lang='lat' dir='ltr'>jesiae</span> <span class='ocrx_word' id='word_1_205' title='bbox 181 2588 271 2646; x_wconf 78' lang='lat' dir='ltr'>animo</span> <span class='ocrx_word' id='word_1_206' title='bbox 282 2589 415 2670; x_wconf 82' lang='lat' dir='ltr'>religiones</span> <span class='ocrx_word' id='word_1_207' title='bbox 431 2592 560 2651; x_wconf 85' lang='lat' dir='ltr'>tenebant.</span> <span class='ocrx_word' id='word_1_208' title='bbox 586 2591 729 2668; x_wconf 86' lang='lat' dir='ltr'>inquibus,</span> <span class='ocrx_word' id='word_1_209' title='bbox 750 2588 828 2668; x_wconf 83' lang='lat' dir='ltr'>qudd,</span> 
     </span>
     <span class='ocr_line' id='line_1_32' title="bbox 92 2667 828 2746; baseline 0.005 -20"><span class='ocrx_word' id='word_1_210' title='bbox 92 2689 177 2746; x_wconf 89' lang='lat' dir='ltr'>quum</span> <span class='ocrx_word' id='word_1_211' title='bbox 192 2667 257 2725; x_wconf 90' lang='lat' dir='ltr'>bello</span> <span class='ocrx_word' id='word_1_212' title='bbox 272 2671 370 2732; x_wconf 87' lang='lat' dir='ltr'>Gallico</span> <span class='ocrx_word' id='word_1_213' title='bbox 383 2667 577 2730; x_wconf 84' lang='lat' dir='ltr'>adClastidium</span> <span class='ocrx_word' id='word_1_214' title='bbox 588 2674 671 2731; x_wconf 82' lang='lat' dir='ltr'>aedcm</span> <span class='ocrx_word' id='word_1_215' title='bbox 685 2672 787 2731; x_wconf 84' lang='lat' dir='ltr'>Honori</span> <span class='ocrx_word' id='word_1_216' title='bbox 801 2675 828 2730; x_wconf 77' lang='lat' dir='ltr'>bt</span> 
     </span>
     <span class='ocr_line' id='line_1_33' title="bbox 94 2750 829 2829; baseline 0.004 -23"><span class='ocrx_word' id='word_1_217' title='bbox 94 2751 190 2810; x_wconf 88' lang='lat' dir='ltr'>Virtuti</span> <span class='ocrx_word' id='word_1_218' title='bbox 211 2752 324 2815; x_wconf 78' lang='lat' dir='ltr'>roviss&#39;et¹</span> <span class='ocrx_word' id='word_1_219' title='bbox 351 2752 475 2824; x_wconf 89' lang='lat' dir='ltr'>dedicatio</span> <span class='ocrx_word' id='word_1_220' title='bbox 488 2750 573 2828; x_wconf 73' lang='lat' dir='ltr'>ejusd</span> <span class='ocrx_word' id='word_1_221' title='bbox 590 2754 758 2829; x_wconf 88' lang='lat' dir='ltr'>pontificibus</span> <span class='ocrx_word' id='word_1_222' title='bbox 780 2752 829 2810; x_wconf 88' lang='lat' dir='ltr'>im·</span> 
     </span>
    </p>

    <p class='ocr_par' dir='ltr' id='par_1_10' title="bbox 91 2831 833 2968">
     <span class='ocr_line' id='line_1_34' title="bbox 91 2831 832 2919; baseline 0 -29"><span class='ocrx_word' id='word_1_223' title='bbox 91 2831 250 2912; x_wconf 70' lang='lat' dir='ltr'>qediebntur:</span> <span class='ocrx_word' id='word_1_224' title='bbox 277 2833 348 2912; x_wconf 78' lang='lat' dir='ltr'>quod</span> <span class='ocrx_word' id='word_1_225' title='bbox 369 2832 497 2915; x_wconf 76' lang='lat' dir='ltr'>negabant</span> <span class='ocrx_word' id='word_1_226' title='bbox 515 2853 597 2919; x_wconf 79' lang='lat' dir='ltr'>unam</span> <span class='ocrx_word' id='word_1_227' title='bbox 617 2833 706 2896; x_wconf 82' lang='lat' dir='ltr'>cellam</span> <span class='ocrx_word' id='word_1_228' title='bbox 720 2833 832 2911; x_wconf 81' lang='lat' dir='ltr'>amplius</span> 
     </span>
     <span class='ocr_line' id='line_1_35' title="bbox 461 2911 833 2968; baseline 0 0"><span class='ocrx_word' id='word_1_229' title='bbox 461 2926 468 2933; x_wconf 82' lang='lat'><strong>‘</strong></span> <span class='ocrx_word' id='word_1_230' title='bbox 600 2922 603 2929; x_wconf 87' lang='lat'>&#39;</span> <span class='ocrx_word' id='word_1_231' title='bbox 621 2918 624 2923; x_wconf 82' lang='grc'>’</span> <span class='ocrx_word' id='word_1_232' title='bbox 751 2911 833 2968; x_wconf 71' lang='lat' dir='ltr'>oudin</span> 
     </span>
    </p>
   </div>
   <div class='ocr_carea' id='block_1_4' title="bbox 0 0 925 3316">
    <p class='ocr_par' dir='ltr' id='par_1_11' title="bbox 0 0 925 3316">
     <span class='ocr_line' id='line_1_36' title="bbox 0 0 925 3316; baseline 0 0"><span class='ocrx_word' id='word_1_233' title='bbox 0 0 925 3316; x_wconf 95' lang='lat' dir='ltr'> </span> 
     </span>
    </p>
   </div>
  </div>
 </body>
</html>
