1814 3316
77 363 96 429 8
296 361 570 430 muttit

81 487 178 537 menta,
199 476 227 530 δι
248 469 300 548 ipsa
320 471 429 546 jacentia
445 470 550 549 pamm,
570 469 721 530 morientes.
739 465 823 528 maxi·

84 557 179 632 meque
199 555 321 610 omnium
342 551 435 633 vigiliae
457 552 635 619 conficiebant,
661 573 707 630 per
729 551 824 631 quatri·

83 640 165 695 duum
188 637 242 710 jam
266 640 293 694 be
310 651 360 693 tres
375 637 466 694 nostes
478 635 599 695 toleratae.
638 641 740 717 Quum,
762 654 825 692 om·

83 722 126 777 nia
151 718 324 777 obtinentibus
347 719 427 795 aquis,
453 717 524 782 nihil,
546 719 590 776 ubi
614 719 641 776 in
657 720 736 777 'liceo
761 717 824 775 seila

83 805 221 861 stemerent
236 819 353 876 corpora,
372 803 480 858 inveniri
494 801 585 879 posset,
605 801 742 859 cumulatis
754 801 782 856 in
797 819 824 857 a·

84 903 147 961 quas
161 881 260 942 sarcinis
278 881 379 959 insuper
395 883 586 944 incumbebant.
605 884 788 960 jumentorum
803 883 824 939 i·

84 970 164 1025 tinere
185 980 244 1024 toto
266 967 451 1043 prostratorum
470 966 564 1042 passim
585 968 677 1030 acervi,
711 980 825 1031 tantum,

85 1049 155 1127 quod
171 1051 276 1106 exstaret
291 1067 365 1124 aqua,
382 1046 552 1126 quaerentibus
567 1049 597 1105 ad
613 1050 735 1127 quietem,
755 1049 826 1124 parvi

85 1134 210 1206 temporis
223 1131 388 1188 necessarium
403 1130 484 1188 cubile
497 1129 598 1188 dabant.
637 1132 694 1208 Ipse
709 1129 825 1194 Annibal,

86 1233 153 1291 aeger
173 1214 261 1277 oculis,
279 1232 311 1270 ex
326 1231 404 1275 verna
418 1209 536 1288 primbm
551 1216 701 1290 intemperie
715 1214 825 1270 variante

87 1294 181 1353 calores
189 1295 341 1374 frigoraque,
362 1294 506 1371 elephanto,
525 1296 571 1371 qui
584 1315 651 1354 unus
662 1294 827 1371 superfuerat,

87 1375 157 1452 qubd
175 1374 247 1434 altibs
263 1377 296 1433 ab
313 1395 378 1452 aqua
396 1379 511 1439 exstaret,
530 1377 638 1441 vestus,
660 1375 828 1455 vigiliistam·

87 1461 148 1517 dem
162 1464 189 1518 δι
204 1460 337 1515 noeturno
352 1457 462 1515 humore
473 1457 627 1534 palustrique
638 1458 708 1515 coelo
720 1464 827 1537 gravari-

89 1556 116 1600 te
137 1557 223 1618 caput,
244 1544 273 1600 bc
291 1541 351 1618 quia
368 1540 489 1599 medendi
505 1557 554 1599 nec
571 1538 644 1598 locus
659 1559 707 1600 nec
723 1556 828 1619 tempus

88 1636 151 1688 etat,
169 1622 248 1682 altero
259 1621 338 1683 oculo
351 1624 459 1697 eapitur.

131 1709 181 1764 ΙΙΙ,
203 1703 294 1762 Multis
306 1704 456 1761 bominibus
468 1702 643 1780 jumentisque
657 1700 731 1760 foede
748 1702 827 1760 amis-

89 1787 131 1851 fis,
150 1805 235 1864 quum
249 1785 352 1843 tandem
367 1787 399 1842 de
413 1783 544 1862 paludibus
557 1783 704 1848 emersisset,
720 1782 765 1841 ubi
776 1785 829 1861 pri-

91 1866 169 1928 mbm
189 1870 216 1925 in
228 1867 298 1925 ficco
313 1869 406 1944 potuit,
428 1868 507 1924 castra
518 1865 599 1927 locat:
618 1880 770 1942 certumque
783 1885 829 1942 per

72 1960 82 1982 '⁸
89 1948 231 2028 praemissos
250 1948 418 2027 exploratores
439 1948 537 2015 habuit,
561 1948 703 2008 exercitum
726 1953 828 2019 Roma·

89 2054 156 2091 num
171 2034 237 2105 eirca
253 2028 343 2091 Arretii
355 2031 457 2093 moenia
466 2030 524 2090 esse.
534 2030 647 2091 consulis
660 2030 750 2089 deinde
764 2050 829 2090 con·

89 2115 141 2176 stlia
159 2132 235 2194 atque
250 2116 381 2183 animum,
401 2118 430 2176 &
450 2115 530 2174 sttum
552 2116 699 2196 regionum,
726 2114 830 2174 itinera·

89 2219 149 2279 que,
171 2203 199 2259 be
214 2198 300 2275 copias
312 2200 343 2256 ad
356 2211 521 2258 oommeatus
538 2196 719 2276 expediendos,
737 2199 765 2256 δε
787 2217 829 2256 ce«

91 2298 151 2347 teta,
183 2301 241 2360 quae
257 2281 381 2362 eognbffe
401 2283 429 2339 in
451 2300 508 2340 rem
530 2297 591 2347 erat,
618 2280 721 2340 summa
741 2282 831 2340 omnia

36 2394 39 2399 ¹
93 2385 157 2424 cum
171 2385 232 2422 eura
245 2366 398 2443 inquirendo
410 2362 599 2443 exsequebatur.
638 2366 724 2444 Regio
737 2376 790 2420 erat
803 2366 831 2421 in

93 2449 185 2524 primia
202 2446 279 2505 Italiae
297 2447 392 2511 fertilis,
419 2447 519 2505 Etrusci
538 2447 634 2522 campi,
663 2447 708 2523 qui
729 2443 831 2502 Faesulas

93 2532 159 2587 inter
179 2529 359 2606 Arretiumque
374 2528 468 2600 jacent,
490 2527 615 2586 frumenti
628 2546 658 2584 ac
674 2529 782 2603 pecoris,
802 2531 830 2587 δι

94 2612 217 2669 omniurn
235 2611 311 2685 copia
327 2628 413 2667 rerum
429 2608 554 2687 opulenti.
595 2608 691 2667 Consul
712 2610 783 2667 ferox
799 2609 831 2667 ab

97 2691 227 2751 consulatu
242 2693 334 2768 priore,
354 2697 380 2751 ὃ(
395 2710 449 2749 non
467 2689 549 2749 modo
568 2691 655 2771 legum
673 2712 703 2750 ae
725 2697 831 2751 Parrum

97 2777 244 2851 majestatis,
265 2773 306 2830 sed
328 2793 360 2831 ne
376 2778 495 2832 Deorum
513 2775 619 2851 quidem
639 2774 696 2832 satis
715 2792 832 2833 metuens

97 2874 158 2916 erat.
198 2863 272 2916 Hanc
286 2858 385 2914 insitum
400 2857 504 2935 ingenio
520 2857 575 2929 ejus
589 2860 761 2915 temeritatem
777 2859 831 2914 ior·

97 2957 158 2999 tuna
186 2937 308 3017 prospero
329 2939 443 2997 civilibus
463 2937 603 3014 bellicisque
626 2939 698 2996 rebus
720 2938 832 2996 successu

96 3025 197 3081 aluerat.
238 3025 328 3096 ltaque
339 3021 395 3078 satis
408 3021 551 3097 apparebat,
569 3039 618 3078 nec
633 3026 701 3078 Deos
718 3041 766 3080 nec
783 3023 832 3077 ho·

97 3107 181 3165 mines
194 3102 377 3170 consulentem,
400 3104 515 3162 ferociter
530 3105 620 3162 omnia
633 3123 662 3162 ac
675 3120 833 3183 praepropere

754 3187 828 3241 aslu-
