1814 3316
221 142 438 209 urrann
478 142 608 211 xxiv.
738 156 799 236 169

60 243 130 303 redit
144 264 151 300 ε
181 242 212 303 bt
230 244 274 302 Ti.
286 242 437 303 Gracchum
458 242 490 300 ab
504 247 609 303 Luceria
623 247 800 309 Beneventum

60 327 154 404 copias
172 324 320 386 admovere.
344 329 380 394 Q.
393 325 498 382 Fabium
519 340 657 401 praetorem
684 331 722 401 (is
736 331 803 391 fliius

63 407 177 469 consulit
198 410 262 479 erat)
282 408 417 465 Luceriam
437 406 556 467 Graccho
575 406 706 468 succedere
720 414 803 486 juber.

63 493 96 548 ln
110 486 224 546 Siciliam
237 486 331 545 eodem
347 502 464 563 tempore
475 490 529 546 duo
546 504 664 565 praetores
675 494 801 569 profediir

64 574 96 631 P.
108 569 248 627 Cornelius
262 568 294 625 ad
306 570 465 634 exercitumr
495 570 626 635 Otacilius,
643 575 688 649 qui
703 576 802 632 mariti·

64 668 121 709 mae
134 668 189 709 orae
201 652 290 727 reique
300 650 380 707 navali
394 651 526 726 praeeffet:
552 655 581 709 δι
602 655 679 710 ceteri
698 656 725 711 iu
745 654 802 715 suas

64 732 175 810 quisque
185 732 330 807 provincias
342 732 462 807 proiecti.
481 737 509 791 dr
523 732 615 809 quibus
631 750 801 815 prorogatum

65 812 211 891 irnperium
226 827 287 875 erat,
307 813 418 878 easdem,
438 831 501 891 quas
513 817 597 889 priore
613 832 693 881 auno,
718 820 802 896 regio-

67 894 300 955 neaobtinnerunt.

113 978 191 1035 xiii.
210 978 249 1033 rid
264 972 425 1040 Annibalem,
450 994 533 1052 quum
555 977 587 1034 ad
607 975 692 1034 lacum
711 981 805 1037 Averni

68 1056 143 1122 effer,
165 1057 279 1135 quinque
293 1056 389 1114 nobiles
409 1057 515 1131 juvenes
541 1057 573 1114 ab
593 1060 708 1116 Tarento
728 1080 805 1119 vene·

68 1154 152 1197 runt:
178 1141 272 1216 partim
295 1139 326 1196 ad
341 1138 521 1196 Trasimenum
536 1139 629 1206 lacum,
655 1143 749 1218 partim
771 1143 804 1200 ad

69 1222 175 1279 Cannas
187 1223 256 1297 rapti
269 1238 279 1295 ;
300 1220 445 1297 dimissique
456 1221 552 1277 domos
570 1240 634 1279 cum
656 1224 745 1280 oedem
758 1244 805 1281 co-

69 1303 173 1368 mitare,
208 1322 261 1379 qua
280 1299 340 1359 usus
367 1300 482 1359 adversus
502 1320 596 1359 omnes
619 1305 804 1361 Romanorum

69 1382 157 1443 socios
176 1388 274 1442 Poenus
294 1384 383 1441 fuerat.
430 1383 454 1439 li
473 1400 602 1439 memores
620 1383 804 1441 bmeficiorum

69 1466 139 1541 ejur.
163 1463 288 1544 perpuliffe
306 1483 425 1539 magnam
441 1478 539 1540 partem
553 1465 583 1540 se
592 1466 737 1542 javmrmis
756 1472 805 1521 Ta·

71 1550 180 1612 ramma,
200 1550 321 1610 referunt,
339 1560 371 1604 at
386 1543 516 1602 Annibalis
532 1547 669 1603 amicitiam
686 1566 717 1604 ac
728 1548 806 1623 socie-

72 1642 156 1687 mem
167 1628 251 1707 qudam
262 1630 345 1707 popuii
357 1628 461 1684 Romani
477 1627 580 1685 mallmt
592 1651 601 1684 .-
622 1627 760 1706 legatosque
771 1627 805 1686 ab

65 1711 122 1787 suis
138 1712 216 1789 miffls
234 1730 319 1785 rogare
334 1707 489 1770 Annibalem,
509 1711 693 1767 mexercitum
709 1714 806 1787 propius

73 1799 212 1851 Tarentum
222 1794 365 1850 admoveat.
402 1793 428 1846 Sr'
453 1808 512 1862 agna
526 1793 587 1871 ejus,
608 1790 730 1865 ficastra
751 1811 807 1847 corr·

68 1874 153 1953 [peda
171 1872 194 1932 ἃ
212 1880 318 1930 Tarento
334 1871 395 1949 fiat,
524 1874 603 1928 ullam
623 1874 806 1948 mrerceffuram

73 1972 181 2021 moram,
207 1957 269 2033 quin
286 1952 343 2013 urbs
365 1952 479 2009 dedatur.
502 1955 528 2007 r'n
548 1953 662 2028 potestate
678 1955 807 2033 juniorum

74 2036 176 2114 piebem,
189 2038 215 2093 in
228 2056 306 2093 mana
316 2035 390 2112 piebis
401 2051 454 2090 rem
469 2035 624 2090 rarentmam
636 2034 686 2108 effe
727 2034 807 2089 Auni·

74 2115 116 2177 bd
132 2116 288 2175 collaudatos
307 2134 360 2180 eos,
391 2112 556 2189 oneratosque
576 2113 721 2189 ingentibus
746 2132 808 2188 pro·

76 2197 166 2265 rariffir¹
184 2199 299 2255 domum
312 2198 343 2254 ad
358 2212 447 2272 coepta
460 2195 610 2252 maturanda
622 2193 702 2249 redire
714 2194 787 2267 jubet
800 2216 807 2252 :

75 2278 141 2339 sein
153 2296 274 2357 tempore
293 2278 433 2337 affuturum
452 2277 510 2333 effe.
550 2280 606 2333 Hac
625 2294 688 2332 cum
710 2273 753 2351 spe
769 2277 809 2334 di-

75 2361 146 2421 miffi
163 2362 307 2420 Tarentini.
346 2358 436 2437 ipsum
454 2358 544 2436 ingens
565 2357 659 2433 cupido
680 2358 810 2417 incesserat

77 2442 184 2505 Tarenti
197 2443 324 2519 potiundi.
363 2440 463 2498 Urbem
481 2439 530 2496 effe
546 2438 646 2497 videbat
662 2457 724 2495 cum
743 2459 811 2516 opu·

78 2523 176 2582 lentam
191 2524 365 2600 nobilemque,
382 2536 440 2578 rum
457 2523 614 2578 maritimam
631 2524 659 2579 δε
676 2522 703 2575 in
722 2525 810 2579 Mace·

76 2605 185 2663 doniam
198 2602 348 2683 opportune
359 2602 456 2660 versam
472 2623 480 2658 r
506 2620 646 2682 regemque
662 2599 811 2678 Philippum

74 2687 149 2745 bunc
162 2704 280 2765 portum,
300 2688 320 2743 sr
333 2684 448 2745 transiret
465 2684 493 2741 in
506 2685 616 2747 italiam,
633 2700 715 2758 quum
728 2686 812 2739 Bruu-

75 2768 180 2827 dusrum
204 2769 322 2826 Romani
335 2768 463 2828 baberent,
483 2767 636 2841 periturum.
677 2766 756 2821 Sacro
772 2766 813 2819 in·

74 2850 110 2911 de
126 2866 283 2927 perpetrato,
300 2850 331 2911 ad
344 2848 415 2927 quod
428 2861 538 2912 venerat,
557 2852 595 2915 dr,
615 2846 680 2905 dnm
699 2845 735 2902 ibi
752 2860 814 2901 nro-

126 2934 198 2994 vob.
217 2934 270 2994 [Π.
511 2931 538 2984 H
739 2936 821 2983 tatur·
