1814 3316
81 159 142 221 252
312 134 583 208 T.L1V11

78 258 172 318 praetoe
189 259 221 303 ex
239 245 340 303 Etruria
356 247 497 307 coemerat,
522 241 557 300 ab
573 238 809 299 Olliaounredun

80 331 126 387 est,
154 339 183 383 ut
198 327 318 384 exercitui
339 345 383 403 per
402 325 518 383 hiemem
534 323 615 401 copia
626 320 698 381 esset.
741 323 810 381 Ceae·

79 407 140 467 nim
155 405 227 485 super
242 427 303 466 eam
322 408 429 473 cladem,
454 424 512 484 quae
531 407 561 463 in
582 405 697 463 Lucania
716 414 811 481 acuepn

80 503 143 550 erat,
161 488 289 548 volonum
303 490 552 567 quoqueexercitna,
572 485 622 563 qui
629 482 819 545 oeconomi

81 570 187 629 summa
204 570 254 629 fide
273 572 393 648 stipendia
411 571 506 629 fecerat
530 567 615 640 (velut
642 568 811 627 musteum

82 666 171 709 morte
181 652 264 727 ducis)
277 653 309 711 ab
319 653 397 732 signis
413 650 531 711 disceffit.
573 648 687 707 Annibal
701 666 759 706 non
769 648 812 705 sa·

82 751 163 811 puam
176 734 331 814 neglestam,
350 752 431 810 neque
444 736 472 790 in
488 746 565 790 tanto
576 728 729 789 discrimine
741 726 812 789 deseb

82 830 127 873 tos
142 816 240 876 volebat
250 816 344 874 socios:
365 815 406 873 sed
415 813 536 893 prospero
545 831 578 871 ex
589 814 739 871 temeritate
748 810 812 869 utine

85 899 203 956 Romani
216 900 290 957 ducis
301 897 421 962 successu,
440 900 467 954 in
478 895 579 954 alterius
595 894 673 953 ducis
685 888 812 953 aedui

85 997 138 1053 que
147 980 311 1057 opprimendi
323 980 486 1038 occafionem
498 976 667 1035 imminebut.
707 972 813 1035 Cnliri·

84 1060 159 1116 vium
178 1076 314 1137 praetorem
337 1061 412 1136 Apuli
431 1059 509 1139 legati
530 1058 707 1124 nunciabant,
734 1052 813 1135 primi

84 1139 150 1197 dum
165 1140 238 1199 urbes
254 1141 377 1219 quasdam
396 1142 551 1217 apuorum.
575 1158 637 1218 quae
652 1138 686 1199 ad
708 1136 814 1198 annua

85 1219 138 1279 lem
152 1223 319 1288 desciuissent,
333 1240 502 1302 oppugnaret,
520 1218 645 1281 imantils
658 1238 718 1279 rem
732 1217 814 1301 egiffia

85 1304 174 1378 polica
188 1308 272 1365 nimio
290 1305 402 1364 successu
420 1309 448 1364 δι
465 1303 550 1382 ipsum
569 1307 600 1363 dc
617 1301 718 1361 militer
738 1300 814 1381 pule
836 1330 843 1347 ·

87 1387 218 1462 impletos,
237 1390 377 1448 intantum
395 1387 522 1445 licentiam
536 1382 739 1461 socordiamque
756 1380 815 1443 effn-
846 1402 848 1419 ¹

85 1465 137 1532 sos,
156 1485 186 1528 ut
201 1470 268 1529 nula
288 1469 417 1546 disciplina
433 1466 531 1526 militiae
545 1466 615 1525 effer.
662 1467 739 1523 Cum
757 1462 816 1605 Ἦ

87 1546 155 1614 aliis,
174 1567 233 1607 tum
250 1553 337 1625 paucis
353 1552 441 1607 diebus
454 1566 512 1608 ante
523 1565 654 1626 expertus,
675 1546 759 1625 qualia

70 1627 166 1695 ,inscio
179 1631 245 1687 duce
255 1632 380 1688 exercitus
392 1632 461 1695 eslct,
472 1633 500 1687 in
508 1629 626 1706 Apuliam
639 1628 816 1689 castrammiu

126 1712 203 1768 xxi.
230 1712 307 1768 Circa
327 1713 484 1769 Herdonium
511 1716 642 1771 Romanae
662 1709 816 1791 legiones&

84 1806 179 1867 praetor
200 1792 301 1850 Fulvius
321 1807 401 1853 erant.
429 1792 483 1870 qud
497 1792 542 1850 ubi
558 1793 666 1853 alatum
685 1794 726 1852 est
740 1792 817 1851 hore

85 1874 228 1939 adventare,
254 1894 334 1952 prope
352 1879 389 1933 cst
412 1875 524 1939 sudium,
548 1889 578 1934 ut
598 1872 694 1950 injussu
708 1874 817 1953 pretorii

86 1954 164 2033 lignis
179 1957 304 2015 convulsas
318 1958 345 2014 in
356 1959 437 2014 aciem
452 1959 565 2014 exirem:
585 1975 689 2015 nectes
699 1956 752 2015 ulla
765 1974 818 2015 ma·

85 2038 127 2114 gis
146 2040 237 2104 tenuit,
262 2036 342 2116 quim
361 2022 495 2114 spesiraud
506 2036 592 2103 dubia,
608 2036 658 2096 suo
671 2037 698 2095 id
711 2038 819 2103 aubinin,

86 2120 131 2177 ubi
151 2121 249 2186 vellem,
275 2122 387 2179 aeluros.
433 2121 522 2179 Nodie
539 2119 685 2195 insequenti
704 2116 818 2183 Annibal,

85 2220 170 2275 quum
189 2201 374 2261 tumulnratum
388 2203 520 2265 incastris,
538 2206 566 2261 δι
581 2198 716 2280 plerosque
730 2199 817 2260 fund

83 2297 132 2346 ter,
151 2284 255 2362 signum
264 2298 302 2342 -ut
314 2284 391 2348 daret,
416 2283 528 2342 institisse
541 2283 610 2349 duci,
636 2284 671 2341 ad
686 2301 761 2341 mma
773 2300 817 2341 rn-

84 2380 181 2427 enntes,
199 2364 287 2427 sciret,
313 2362 380 2419 haud
395 2364 486 2422 dubius
497 2362 620 2442 prospere
635 2382 735 2445 pugna
743 2382 818 2425 occa·

84 2445 186 2501 saonem
204 2442 272 2505 dari,
298 2443 346 2498 tria
365 2443 445 2501 millia
463 2446 644 2524 expeditorum
659 2446 816 2507 militumia

42 2550 45 2555 ·
83 2523 147 2582 villis
162 2523 228 2580 circa
246 2521 411 2600 vepribusque
425 2531 453 2585 δι
466 2527 532 2585 silvia
542 2525 665 2604 disponit,
682 2529 731 2606 qui
742 2530 815 2609 ligno

83 2606 145 2665 dato
165 2602 239 2661 simul
253 2623 346 2663 omnes
362 2603 379 2664 ὲ
396 2606 494 2665 latebris
509 2611 651 2669 existerent.
677 2612 710 2680 dt
724 2614 817 2691 Magn·

83 2706 154 2749 nem,
173 2704 204 2743 ac
216 2685 271 2743 duo
282 2689 365 2747 ferme
376 2686 455 2746 millia
463 2692 591 2767 equitum,
612 2687 768 2772 quifugam
780 2693 818 2751 in·

85 2769 236 2827 clinuturam
255 2770 379 2833 credebat,
407 2772 497 2828 omnia
515 2772 603 2831 itinera
618 2772 726 2831 infidere
736 2774 817 2850 jubet.

84 2851 124 2911 hir
141 2851 219 2913 noste
236 2853 385 2929 praepararis,
412 2853 498 2937 prima
515 2850 572 2913 luce
591 2854 816 2995 iuacipmaapplm

279 2952 283 2957 .
350 2950 354 2957 .
788 2954 816 2995 u·

21 3142 90 3221 ss
