<?xml version="1.0" encoding="UTF-8"?>
<!DOCTYPE html PUBLIC "-//W3C//DTD XHTML 1.0 Transitional//EN"
    "http://www.w3.org/TR/xhtml1/DTD/xhtml1-transitional.dtd">
<html xmlns="http://www.w3.org/1999/xhtml" xml:lang="en" lang="en">
 <head>
  <title>
</title>
<meta http-equiv="Content-Type" content="text/html;charset=utf-8" />
  <meta name='ocr-system' content='tesseract 3.04.00' />
  <meta name='ocr-capabilities' content='ocr_page ocr_carea ocr_par ocr_line ocrx_word'/>
</head>
<body>
  <div class='ocr_page' id='page_1' title='image "./tliviipatavinih02livygoog_0037.png"; bbox 0 0 1814 3316; ppageno 0'>
   <div class='ocr_carea' id='block_1_1' title="bbox 36 89 42 769">
    <p class='ocr_par' dir='ltr' id='par_1_1' title="bbox 36 89 42 769">
     <span class='ocr_line' id='line_1_1' title="bbox 36 89 42 769; baseline 0 0"><span class='ocrx_word' id='word_1_1' title='bbox 36 89 42 769; x_wconf 95' lang='lat' dir='ltr'><strong> </strong></span> 
     </span>
    </p>
   </div>
   <div class='ocr_carea' id='block_1_2' title="bbox 33 89 40 824">
    <p class='ocr_par' dir='ltr' id='par_1_2' title="bbox 33 89 40 824">
     <span class='ocr_line' id='line_1_2' title="bbox 33 89 40 824; baseline 0 0"><span class='ocrx_word' id='word_1_2' title='bbox 33 89 40 824; x_wconf 95' lang='lat' dir='ltr'><strong> </strong></span> 
     </span>
    </p>
   </div>
   <div class='ocr_carea' id='block_1_3' title="bbox 174 145 673 238">
    <p class='ocr_par' dir='ltr' id='par_1_3' title="bbox 174 145 673 238">
     <span class='ocr_line' id='line_1_3' title="bbox 174 145 673 238; baseline -0.016 -20"><span class='ocrx_word' id='word_1_3' title='bbox 174 172 215 238; x_wconf 78' lang='lat'><strong>30</strong></span> <span class='ocrx_word' id='word_1_4' title='bbox 390 145 673 214; x_wconf 86' lang='lat' dir='ltr'>T.LIV11</span> 
     </span>
    </p>
   </div>
   <div class='ocr_carea' id='block_1_4' title="bbox 172 254 907 1554">
    <p class='ocr_par' dir='ltr' id='par_1_4' title="bbox 172 254 905 579">
     <span class='ocr_line' id='line_1_4' title="bbox 172 254 905 333; baseline -0.001 -19"><span class='ocrx_word' id='word_1_5' title='bbox 172 270 302 315; x_wconf 84' lang='lat' dir='ltr'><strong>verterunt</strong></span> <span class='ocrx_word' id='word_1_6' title='bbox 318 254 429 314; x_wconf 78' lang='lat' dir='ltr'>classem.</span> <span class='ocrx_word' id='word_1_7' title='bbox 451 257 480 314; x_wconf 80' lang='lat' dir='ltr'><strong>dt</strong></span> <span class='ocrx_word' id='word_1_8' title='bbox 495 274 578 333; x_wconf 85' lang='lat' dir='ltr'><strong>quum</strong></span> <span class='ocrx_word' id='word_1_9' title='bbox 593 254 687 312; x_wconf 77' lang='lat' dir='ltr'><strong>adversa</strong></span> <span class='ocrx_word' id='word_1_10' title='bbox 708 254 793 312; x_wconf 88' lang='lat' dir='ltr'><strong>amnis</strong></span> <span class='ocrx_word' id='word_1_11' title='bbox 811 274 839 315; x_wconf 88' lang='lat' dir='ltr'><strong>os</strong></span> <span class='ocrx_word' id='word_1_12' title='bbox 856 254 905 315; x_wconf 80' lang='lat' dir='ltr'><strong>Iat-</strong></span> 
     </span>
     <span class='ocr_line' id='line_1_5' title="bbox 172 334 898 398; baseline -0.003 -1"><span class='ocrx_word' id='word_1_13' title='bbox 172 342 277 398; x_wconf 76' lang='lat' dir='ltr'><strong>aomina</strong></span> <span class='ocrx_word' id='word_1_14' title='bbox 291 356 321 393; x_wconf 87' lang='lat' dir='ltr'><strong>ac</strong></span> <span class='ocrx_word' id='word_1_15' title='bbox 337 350 391 394; x_wconf 90' lang='lat' dir='ltr'><strong>tam</strong></span> <span class='ocrx_word' id='word_1_16' title='bbox 404 334 495 393; x_wconf 89' lang='lat' dir='ltr'><strong>multis</strong></span> <span class='ocrx_word' id='word_1_17' title='bbox 510 336 586 393; x_wconf 84' lang='lat' dir='ltr'><strong>timul</strong></span> <span class='ocrx_word' id='word_1_18' title='bbox 605 336 764 395; x_wconf 84' lang='lat' dir='ltr'><strong>venientibus</strong></span> <span class='ocrx_word' id='word_1_19' title='bbox 785 336 853 396; x_wconf 90' lang='lat' dir='ltr'><strong>haud</strong></span> <span class='ocrx_word' id='word_1_20' title='bbox 871 336 898 395; x_wconf 88' lang='lat' dir='ltr'><strong>sa</strong></span> 
     </span>
     <span class='ocr_line' id='line_1_6' title="bbox 173 388 895 500; baseline 0 -22"><span class='ocrx_word' id='word_1_21' title='bbox 173 388 206 480; x_wconf 50' lang='lat' dir='ltr'><strong>nd</strong></span> <span class='ocrx_word' id='word_1_22' title='bbox 220 418 334 477; x_wconf 80' lang='lat' dir='ltr'>intrabile</span> <span class='ocrx_word' id='word_1_23' title='bbox 354 417 423 484; x_wconf 80' lang='lat' dir='ltr'><strong>effet,</strong></span> <span class='ocrx_word' id='word_1_24' title='bbox 451 419 479 475; x_wconf 92' lang='lat' dir='ltr'><strong>in</strong></span> <span class='ocrx_word' id='word_1_25' title='bbox 494 418 565 477; x_wconf 77' lang='lat' dir='ltr'><strong>littus</strong></span> <span class='ocrx_word' id='word_1_26' title='bbox 582 418 673 489; x_wconf 87' lang='lat' dir='ltr'><strong>paffim</strong></span> <span class='ocrx_word' id='word_1_27' title='bbox 696 437 772 476; x_wconf 85' lang='lat' dir='ltr'><strong>naves</strong></span> <span class='ocrx_word' id='word_1_28' title='bbox 786 433 895 500; x_wconf 83' lang='lat' dir='ltr'><strong>egerunt</strong></span> 
     </span>
     <span class='ocr_line' id='line_1_7' title="bbox 172 497 878 579; baseline -0.001 -19"><span class='ocrx_word' id='word_1_29' title='bbox 172 518 249 577; x_wconf 85' lang='lat' dir='ltr'><strong>atque</strong></span> <span class='ocrx_word' id='word_1_30' title='bbox 262 499 303 557; x_wconf 76' lang='lat' dir='ltr'><strong>dii</strong></span> <span class='ocrx_word' id='word_1_31' title='bbox 325 500 404 563; x_wconf 86' lang='lat' dir='ltr'><strong>vadis,</strong></span> <span class='ocrx_word' id='word_1_32' title='bbox 433 497 474 557; x_wconf 88' lang='lat' dir='ltr'><strong>alii</strong></span> <span class='ocrx_word' id='word_1_33' title='bbox 492 501 561 558; x_wconf 72' lang='grc' dir='ltr'>[κιο</span> <span class='ocrx_word' id='word_1_34' title='bbox 582 499 665 558; x_wconf 83' lang='lat' dir='ltr'><strong>littore</strong></span> <span class='ocrx_word' id='word_1_35' title='bbox 684 500 791 577; x_wconf 83' lang='lat' dir='ltr'>excepti,</span> <span class='ocrx_word' id='word_1_36' title='bbox 813 502 878 579; x_wconf 86' lang='lat' dir='ltr'><strong>parti</strong></span> 
     </span>
    </p>

    <p class='ocr_par' dir='ltr' id='par_1_5' title="bbox 172 579 907 1554">
     <span class='ocr_line' id='line_1_8' title="bbox 172 579 898 659; baseline -0.001 -19"><span class='ocrx_word' id='word_1_37' title='bbox 172 583 282 646; x_wconf 82' lang='lat' dir='ltr'><strong>armati,</strong></span> <span class='ocrx_word' id='word_1_38' title='bbox 310 582 404 656; x_wconf 87' lang='lat' dir='ltr'><strong>partim</strong></span> <span class='ocrx_word' id='word_1_39' title='bbox 426 579 553 646; x_wconf 85' lang='lat' dir='ltr'><strong>inermes,</strong></span> <span class='ocrx_word' id='word_1_40' title='bbox 580 581 610 638; x_wconf 88' lang='lat' dir='ltr'><strong>ad</strong></span> <span class='ocrx_word' id='word_1_41' title='bbox 631 582 783 639; x_wconf 61' lang='lat' dir='ltr'><strong>instrudtam</strong></span> <span class='ocrx_word' id='word_1_42' title='bbox 804 602 850 659; x_wconf 88' lang='lat' dir='ltr'><strong>per</strong></span> <span class='ocrx_word' id='word_1_43' title='bbox 868 581 898 640; x_wconf 91' lang='lat' dir='ltr'><strong>lit</strong></span> 
     </span>
     <span class='ocr_line' id='line_1_9' title="bbox 174 661 904 741; baseline -0.001 -20"><span class='ocrx_word' id='word_1_44' title='bbox 174 680 217 721; x_wconf 84' lang='lat' dir='ltr'><strong>tus</strong></span> <span class='ocrx_word' id='word_1_45' title='bbox 230 664 312 722; x_wconf 81' lang='lat' dir='ltr'>aciem</span> <span class='ocrx_word' id='word_1_46' title='bbox 327 661 432 720; x_wconf 85' lang='lat' dir='ltr'><strong>suorum</strong></span> <span class='ocrx_word' id='word_1_47' title='bbox 446 664 588 741; x_wconf 79' lang='lat' dir='ltr'>perfugere.</span> <span class='ocrx_word' id='word_1_48' title='bbox 638 666 704 720; x_wconf 86' lang='lat' dir='ltr'><strong>Duae</strong></span> <span class='ocrx_word' id='word_1_49' title='bbox 716 678 804 720; x_wconf 88' lang='lat' dir='ltr'><strong>tamen</strong></span> <span class='ocrx_word' id='word_1_50' title='bbox 821 664 904 740; x_wconf 89' lang='lat' dir='ltr'><strong>prim</strong></span> 
     </span>
     <span class='ocr_line' id='line_1_10' title="bbox 174 744 894 822; baseline 0 -19"><span class='ocrx_word' id='word_1_51' title='bbox 174 744 302 803; x_wconf 79' lang='lat' dir='ltr'><strong>concursu</strong></span> <span class='ocrx_word' id='word_1_52' title='bbox 315 760 395 822; x_wconf 73' lang='lat' dir='ltr'><strong>capta</strong></span> <span class='ocrx_word' id='word_1_53' title='bbox 408 759 478 803; x_wconf 85' lang='lat' dir='ltr'><strong>erant</strong></span> <span class='ocrx_word' id='word_1_54' title='bbox 493 746 595 803; x_wconf 80' lang='lat' dir='ltr'><strong>Punicae</strong></span> <span class='ocrx_word' id='word_1_55' title='bbox 610 762 695 809; x_wconf 84' lang='lat' dir='ltr'><strong>naves,</strong></span> <span class='ocrx_word' id='word_1_56' title='bbox 722 756 833 822; x_wconf 88' lang='lat' dir='ltr'><strong>quatuor</strong></span> <span class='ocrx_word' id='word_1_57' title='bbox 851 744 894 803; x_wconf 86' lang='lat' dir='ltr'><strong>s·</strong></span> 
     </span>
     <span class='ocr_line' id='line_1_11' title="bbox 173 828 823 907; baseline 0.002 -24"><span class='ocrx_word' id='word_1_58' title='bbox 173 828 269 907; x_wconf 78' lang='lat' dir='ltr'><strong>prefi‘ae.</strong></span> <span class='ocrx_word' id='word_1_59' title='bbox 818 865 823 873; x_wconf 90' lang='lat'>·</span> 
     </span>
     <span class='ocr_line' id='line_1_12' title="bbox 216 906 905 986; baseline 0 -19"><span class='ocrx_word' id='word_1_60' title='bbox 216 912 282 967; x_wconf 82' lang='lat' dir='ltr'><strong>XX.</strong></span> <span class='ocrx_word' id='word_1_61' title='bbox 301 908 428 984; x_wconf 80' lang='lat' dir='ltr'><strong>Romani,</strong></span> <span class='ocrx_word' id='word_1_62' title='bbox 454 924 603 986; x_wconf 82' lang='lat' dir='ltr'><strong>quanquam</strong></span> <span class='ocrx_word' id='word_1_63' title='bbox 628 920 691 965; x_wconf 83' lang='lat' dir='ltr'><strong>terta</strong></span> <span class='ocrx_word' id='word_1_64' title='bbox 713 906 829 967; x_wconf 81' lang='lat' dir='ltr'><strong>hostium</strong></span> <span class='ocrx_word' id='word_1_65' title='bbox 853 915 905 967; x_wconf 81' lang='lat' dir='ltr'><strong>erat</strong></span> 
     </span>
     <span class='ocr_line' id='line_1_13' title="bbox 175 988 898 1065; baseline 0.003 -19"><span class='ocrx_word' id='word_1_66' title='bbox 175 1002 354 1065; x_wconf 80' lang='lat' dir='ltr'><strong>armatamque</strong></span> <span class='ocrx_word' id='word_1_67' title='bbox 368 990 448 1046; x_wconf 82' lang='lat' dir='ltr'><strong>aciem</strong></span> <span class='ocrx_word' id='word_1_68' title='bbox 461 1004 518 1047; x_wconf 90' lang='lat' dir='ltr'><strong>toto</strong></span> <span class='ocrx_word' id='word_1_69' title='bbox 532 1002 682 1064; x_wconf 76' lang='lat' dir='ltr'><strong>pratentam</strong></span> <span class='ocrx_word' id='word_1_70' title='bbox 706 990 732 1046; x_wconf 87' lang='lat' dir='ltr'><strong>in</strong></span> <span class='ocrx_word' id='word_1_71' title='bbox 753 988 838 1048; x_wconf 85' lang='lat' dir='ltr'><strong>littore</strong></span> <span class='ocrx_word' id='word_1_72' title='bbox 856 1009 898 1048; x_wconf 90' lang='lat' dir='ltr'><strong>cer</strong></span> 
     </span>
     <span class='ocr_line' id='line_1_14' title="bbox 173 1070 904 1148; baseline -0.005 -21"><span class='ocrx_word' id='word_1_73' title='bbox 173 1070 277 1137; x_wconf 84' lang='lat' dir='ltr'><strong>nebant,</strong></span> <span class='ocrx_word' id='word_1_74' title='bbox 295 1070 363 1127; x_wconf 88' lang='lat' dir='ltr'><strong>haud</strong></span> <span class='ocrx_word' id='word_1_75' title='bbox 378 1070 527 1129; x_wconf 72' lang='lat' dir='ltr'><strong>cundiantet</strong></span> <span class='ocrx_word' id='word_1_76' title='bbox 539 1070 645 1129; x_wconf 86' lang='lat' dir='ltr'><strong>insecuti</strong></span> <span class='ocrx_word' id='word_1_77' title='bbox 657 1070 781 1148; x_wconf 74' lang='lat' dir='ltr'><strong>trepidam</strong></span> <span class='ocrx_word' id='word_1_78' title='bbox 793 1071 861 1129; x_wconf 80' lang='lat' dir='ltr'><strong>hosti</strong></span> <span class='ocrx_word' id='word_1_79' title='bbox 886 1100 904 1125; x_wconf 85' lang='grc' dir='ltr'><strong>ιι</strong></span> 
     </span>
     <span class='ocr_line' id='line_1_15' title="bbox 176 1149 907 1231; baseline 0.004 -22"><span class='ocrx_word' id='word_1_80' title='bbox 176 1149 288 1212; x_wconf 64' lang='lat' dir='ltr'><strong>cuffiam,</strong></span> <span class='ocrx_word' id='word_1_81' title='bbox 309 1169 388 1209; x_wconf 79' lang='lat' dir='ltr'><strong>navet</strong></span> <span class='ocrx_word' id='word_1_82' title='bbox 401 1170 502 1215; x_wconf 83' lang='lat' dir='ltr'><strong>omnes,</strong></span> <span class='ocrx_word' id='word_1_83' title='bbox 519 1169 578 1229; x_wconf 82' lang='lat' dir='ltr'><strong>quae</strong></span> <span class='ocrx_word' id='word_1_84' title='bbox 599 1170 654 1208; x_wconf 89' lang='lat' dir='ltr'><strong>non</strong></span> <span class='ocrx_word' id='word_1_85' title='bbox 675 1166 718 1209; x_wconf 91' lang='lat' dir='ltr'><strong>aut</strong></span> <span class='ocrx_word' id='word_1_86' title='bbox 737 1150 907 1231; x_wconf 78' lang='lat' dir='ltr'><strong>perfregeran</strong></span> 
     </span>
     <span class='ocr_line' id='line_1_16' title="bbox 175 1230 901 1308; baseline 0.004 -20"><span class='ocrx_word' id='word_1_87' title='bbox 175 1252 262 1308; x_wconf 83' lang='lat' dir='ltr'><strong>proras</strong></span> <span class='ocrx_word' id='word_1_88' title='bbox 277 1231 360 1290; x_wconf 86' lang='lat' dir='ltr'><strong>littore</strong></span> <span class='ocrx_word' id='word_1_89' title='bbox 377 1230 454 1297; x_wconf 80' lang='lat' dir='ltr'><strong>iliisas,</strong></span> <span class='ocrx_word' id='word_1_90' title='bbox 475 1248 519 1290; x_wconf 88' lang='lat' dir='ltr'><strong>aut</strong></span> <span class='ocrx_word' id='word_1_91' title='bbox 534 1234 628 1289; x_wconf 87' lang='lat' dir='ltr'><strong>carinas</strong></span> <span class='ocrx_word' id='word_1_92' title='bbox 640 1233 748 1291; x_wconf 72' lang='lat' dir='ltr'><strong>dietant</strong></span> <span class='ocrx_word' id='word_1_93' title='bbox 769 1233 846 1300; x_wconf 80' lang='lat' dir='ltr'><strong>vadis,</strong></span> <span class='ocrx_word' id='word_1_94' title='bbox 872 1254 884 1291; x_wconf 88' lang='grc' dir='ltr'><strong>ι</strong></span> <span class='ocrx_word' id='word_1_95' title='bbox 898 1246 901 1252; x_wconf 87' lang='grc'><em>“</em></span> 
     </span>
     <span class='ocr_line' id='line_1_17' title="bbox 174 1313 866 1393; baseline 0.003 -21"><span class='ocrx_word' id='word_1_96' title='bbox 174 1314 267 1393; x_wconf 83' lang='lat' dir='ltr'><strong>b&#39;gatas</strong></span> <span class='ocrx_word' id='word_1_97' title='bbox 278 1314 405 1391; x_wconf 80' lang='lat' dir='ltr'><strong>puppibus</strong></span> <span class='ocrx_word' id='word_1_98' title='bbox 416 1314 443 1369; x_wconf 87' lang='lat' dir='ltr'><strong>in</strong></span> <span class='ocrx_word' id='word_1_99' title='bbox 459 1313 539 1371; x_wconf 73' lang='lat' dir='ltr'><strong>abtum</strong></span> <span class='ocrx_word' id='word_1_100' title='bbox 555 1330 691 1374; x_wconf 80' lang='lat' dir='ltr'><strong>extraxere.</strong></span> <span class='ocrx_word' id='word_1_101' title='bbox 707 1314 738 1373; x_wconf 86' lang='lat' dir='ltr'><strong>ad</strong></span> <span class='ocrx_word' id='word_1_102' title='bbox 752 1316 866 1392; x_wconf 83' lang='lat' dir='ltr'><strong>quinque</strong></span> 
     </span>
     <span class='ocr_line' id='line_1_18' title="bbox 176 1391 904 1475; baseline 0.001 -23"><span class='ocrx_word' id='word_1_103' title='bbox 176 1396 269 1473; x_wconf 85' lang='lat' dir='ltr'><strong>viginti</strong></span> <span class='ocrx_word' id='word_1_104' title='bbox 288 1413 363 1452; x_wconf 85' lang='lat' dir='ltr'><strong>naves</strong></span> <span class='ocrx_word' id='word_1_105' title='bbox 383 1411 415 1452; x_wconf 84' lang='lat' dir='ltr'><strong>ex</strong></span> <span class='ocrx_word' id='word_1_106' title='bbox 435 1391 599 1475; x_wconf 84' lang='lat' dir='ltr'><strong>quadraginta</strong></span> <span class='ocrx_word' id='word_1_107' title='bbox 621 1413 718 1475; x_wconf 87' lang='lat' dir='ltr'><strong>cepere.</strong></span> <span class='ocrx_word' id='word_1_108' title='bbox 771 1398 865 1472; x_wconf 87' lang='lat' dir='ltr'><strong>Neque</strong></span> <span class='ocrx_word' id='word_1_109' title='bbox 884 1396 904 1453; x_wconf 83' lang='lat' dir='ltr'><strong>i·</strong></span> 
     </span>
     <span class='ocr_line' id='line_1_19' title="bbox 175 1470 895 1554; baseline 0.001 -21"><span class='ocrx_word' id='word_1_110' title='bbox 175 1475 379 1554; x_wconf 82' lang='lat' dir='ltr'><strong>pulcherrimum</strong></span> <span class='ocrx_word' id='word_1_111' title='bbox 393 1476 448 1549; x_wconf 88' lang='lat' dir='ltr'><strong>ejus</strong></span> <span class='ocrx_word' id='word_1_112' title='bbox 462 1476 577 1535; x_wconf 74' lang='lat' dir='ltr'><strong>vidioriae</strong></span> <span class='ocrx_word' id='word_1_113' title='bbox 589 1476 646 1541; x_wconf 80' lang='lat' dir='ltr'><strong>fuit,</strong></span> <span class='ocrx_word' id='word_1_114' title='bbox 667 1470 709 1531; x_wconf 82' lang='lat' dir='ltr'><strong>sed</strong></span> <span class='ocrx_word' id='word_1_115' title='bbox 721 1474 790 1551; x_wconf 83' lang='lat' dir='ltr'><strong>qndd</strong></span> <span class='ocrx_word' id='word_1_116' title='bbox 800 1494 851 1532; x_wconf 89' lang='lat' dir='ltr'><strong>una</strong></span> <span class='ocrx_word' id='word_1_117' title='bbox 861 1476 895 1534; x_wconf 88' lang='lat' dir='ltr'><strong>le</strong></span> 
     </span>
    </p>
   </div>
   <div class='ocr_carea' id='block_1_5' title="bbox 178 1800 907 2994">
    <p class='ocr_par' dir='ltr' id='par_1_6' title="bbox 178 1800 907 2994">
     <span class='ocr_line' id='line_1_20' title="bbox 178 1800 907 1882; baseline 0.005 -27"><span class='ocrx_word' id='word_1_118' title='bbox 178 1819 229 1877; x_wconf 88' lang='lat' dir='ltr'><strong>que</strong></span> <span class='ocrx_word' id='word_1_119' title='bbox 242 1800 405 1877; x_wconf 79' lang='lat' dir='ltr'><strong>diripuiffent,</strong></span> <span class='ocrx_word' id='word_1_120' title='bbox 428 1802 611 1882; x_wconf 69' lang='lat' dir='ltr'><strong>Carthaginem</strong></span> <span class='ocrx_word' id='word_1_121' title='bbox 626 1800 685 1859; x_wconf 86' lang='lat' dir='ltr'><strong>inde</strong></span> <span class='ocrx_word' id='word_1_122' title='bbox 704 1815 808 1879; x_wconf 87' lang='lat' dir='ltr'><strong>petunt:</strong></span> <span class='ocrx_word' id='word_1_123' title='bbox 834 1814 907 1880; x_wconf 87' lang='lat' dir='ltr'><strong>atqu</strong></span> 
     </span>
     <span class='ocr_line' id='line_1_21' title="bbox 178 1880 894 1961; baseline 0.004 -23"><span class='ocrx_word' id='word_1_124' title='bbox 178 1894 289 1939; x_wconf 88' lang='lat' dir='ltr'><strong>omnem</strong></span> <span class='ocrx_word' id='word_1_125' title='bbox 303 1900 397 1960; x_wconf 57' lang='lat' dir='ltr'><strong>apum</strong></span> <span class='ocrx_word' id='word_1_126' title='bbox 415 1882 481 1942; x_wconf 88' lang='lat' dir='ltr'><strong>circa</strong></span> <span class='ocrx_word' id='word_1_127' title='bbox 501 1884 661 1961; x_wconf 84' lang='lat' dir='ltr'><strong>depopulati,</strong></span> <span class='ocrx_word' id='word_1_128' title='bbox 687 1880 819 1960; x_wconf 72' lang='lat' dir='ltr'><strong>postremo</strong></span> <span class='ocrx_word' id='word_1_129' title='bbox 839 1884 894 1942; x_wconf 71' lang='lat' dir='ltr'><strong>ted</strong></span> 
     </span>
     <span class='ocr_line' id='line_1_22' title="bbox 178 1963 898 2042; baseline 0.003 -21"><span class='ocrx_word' id='word_1_130' title='bbox 178 1982 284 2041; x_wconf 86' lang='lat' dir='ltr'><strong>quoque</strong></span> <span class='ocrx_word' id='word_1_131' title='bbox 303 1964 422 2039; x_wconf 65' lang='lat' dir='ltr'><strong>injuncta</strong></span> <span class='ocrx_word' id='word_1_132' title='bbox 433 1984 511 2021; x_wconf 90' lang='lat' dir='ltr'><strong>muro</strong></span> <span class='ocrx_word' id='word_1_133' title='bbox 520 1963 648 2042; x_wconf 86' lang='lat' dir='ltr'><strong>portisque</strong></span> <span class='ocrx_word' id='word_1_134' title='bbox 661 1964 835 2022; x_wconf 77' lang='lat' dir='ltr'><strong>incenderunt.</strong></span> <span class='ocrx_word' id='word_1_135' title='bbox 866 1967 898 2023; x_wconf 90' lang='lat' dir='ltr'><strong>In</strong></span> 
     </span>
     <span class='ocr_line' id='line_1_23' title="bbox 179 2045 907 2125; baseline 0.003 -24"><span class='ocrx_word' id='word_1_136' title='bbox 179 2046 211 2103; x_wconf 87' lang='lat' dir='ltr'><strong>de</strong></span> <span class='ocrx_word' id='word_1_137' title='bbox 234 2047 288 2119; x_wconf 79' lang='lat' dir='ltr'><strong>jam</strong></span> <span class='ocrx_word' id='word_1_138' title='bbox 313 2047 395 2122; x_wconf 85' lang='lat' dir='ltr'><strong>praeda</strong></span> <span class='ocrx_word' id='word_1_139' title='bbox 416 2046 501 2125; x_wconf 86' lang='lat' dir='ltr'><strong>gravis</strong></span> <span class='ocrx_word' id='word_1_140' title='bbox 524 2046 555 2104; x_wconf 92' lang='lat' dir='ltr'><strong>ad</strong></span> <span class='ocrx_word' id='word_1_141' title='bbox 579 2045 770 2124; x_wconf 83' lang='lat' dir='ltr'><strong>Longunticam</strong></span> <span class='ocrx_word' id='word_1_142' title='bbox 795 2048 907 2123; x_wconf 84' lang='lat' dir='ltr'><strong>perveni</strong></span> 
     </span>
     <span class='ocr_line' id='line_1_24' title="bbox 179 2126 904 2207; baseline -0.001 -25"><span class='ocrx_word' id='word_1_143' title='bbox 179 2126 270 2183; x_wconf 88' lang='lat' dir='ltr'><strong>claffis:</strong></span> <span class='ocrx_word' id='word_1_144' title='bbox 291 2126 335 2183; x_wconf 90' lang='lat' dir='ltr'><strong>ubi</strong></span> <span class='ocrx_word' id='word_1_145' title='bbox 347 2129 384 2183; x_wconf 86' lang='lat' dir='ltr'><strong>vis</strong></span> <span class='ocrx_word' id='word_1_146' title='bbox 394 2146 490 2207; x_wconf 84' lang='lat' dir='ltr'><strong>magna</strong></span> <span class='ocrx_word' id='word_1_147' title='bbox 501 2128 574 2205; x_wconf 89' lang='lat' dir='ltr'><strong>sparti</strong></span> <span class='ocrx_word' id='word_1_148' title='bbox 590 2128 647 2191; x_wconf 85' lang='lat' dir='ltr'><strong>fuit,</strong></span> <span class='ocrx_word' id='word_1_149' title='bbox 666 2127 766 2185; x_wconf 86' lang='lat' dir='ltr'><strong>adrem</strong></span> <span class='ocrx_word' id='word_1_150' title='bbox 780 2130 904 2187; x_wconf 73' lang='lat' dir='ltr'><strong>nautica..</strong></span> 
     </span>
     <span class='ocr_line' id='line_1_25' title="bbox 179 2205 905 2283; baseline 0.006 -20"><span class='ocrx_word' id='word_1_151' title='bbox 179 2208 300 2283; x_wconf 71' lang='lat' dir='ltr'><strong>congesta</strong></span> <span class='ocrx_word' id='word_1_152' title='bbox 318 2206 349 2261; x_wconf 90' lang='lat' dir='ltr'><strong>ab</strong></span> <span class='ocrx_word' id='word_1_153' title='bbox 371 2206 512 2267; x_wconf 75' lang='lat' dir='ltr'><strong>Affltubaie.</strong></span> <span class='ocrx_word' id='word_1_154' title='bbox 545 2208 614 2282; x_wconf 88' lang='lat' dir='ltr'><strong>quod</strong></span> <span class='ocrx_word' id='word_1_155' title='bbox 633 2205 689 2263; x_wconf 78' lang='lat' dir='ltr'><strong>{iti&#39;s</strong></span> <span class='ocrx_word' id='word_1_156' title='bbox 709 2208 736 2263; x_wconf 90' lang='lat' dir='ltr'><strong>in</strong></span> <span class='ocrx_word' id='word_1_157' title='bbox 759 2206 834 2264; x_wconf 81' lang='lat' dir='ltr'><strong>ufitm</strong></span> <span class='ocrx_word' id='word_1_158' title='bbox 854 2210 905 2269; x_wconf 86' lang='lat' dir='ltr'><strong>fuit</strong></span> 
     </span>
     <span class='ocr_line' id='line_1_26' title="bbox 178 2284 897 2351; baseline 0.01 -8"><span class='ocrx_word' id='word_1_159' title='bbox 178 2284 284 2348; x_wconf 83' lang='lat' dir='ltr'><strong>subiato,</strong></span> <span class='ocrx_word' id='word_1_160' title='bbox 307 2298 421 2343; x_wconf 87' lang='lat' dir='ltr'><strong>ceterum</strong></span> <span class='ocrx_word' id='word_1_161' title='bbox 437 2305 518 2343; x_wconf 88' lang='lat' dir='ltr'><strong>omne</strong></span> <span class='ocrx_word' id='word_1_162' title='bbox 529 2284 662 2344; x_wconf 87' lang='lat' dir='ltr'><strong>incensum</strong></span> <span class='ocrx_word' id='word_1_163' title='bbox 676 2287 721 2345; x_wconf 82' lang='lat' dir='ltr'><strong>eii.</strong></span> <span class='ocrx_word' id='word_1_164' title='bbox 765 2290 825 2347; x_wconf 88' lang='lat' dir='ltr'><strong>Nec</strong></span> <span class='ocrx_word' id='word_1_165' title='bbox 846 2310 897 2351; x_wconf 87' lang='lat' dir='ltr'><strong>con</strong></span> 
     </span>
     <span class='ocr_line' id='line_1_27' title="bbox 178 2364 891 2444; baseline 0.008 -21"><span class='ocrx_word' id='word_1_166' title='bbox 178 2367 283 2423; x_wconf 84' lang='lat' dir='ltr'><strong>tinentis</strong></span> <span class='ocrx_word' id='word_1_167' title='bbox 296 2364 377 2422; x_wconf 79' lang='lat' dir='ltr'><strong>modd</strong></span> <span class='ocrx_word' id='word_1_168' title='bbox 396 2368 524 2443; x_wconf 60' lang='lat' dir='ltr'><strong>projectas</strong></span> <span class='ocrx_word' id='word_1_169' title='bbox 544 2386 600 2423; x_wconf 83' lang='lat' dir='ltr'><strong>oras</strong></span> <span class='ocrx_word' id='word_1_170' title='bbox 620 2371 793 2444; x_wconf 76' lang='lat' dir='ltr'><strong>praetervcdta,</strong></span> <span class='ocrx_word' id='word_1_171' title='bbox 822 2370 863 2429; x_wconf 88' lang='lat' dir='ltr'><strong>scd</strong></span> <span class='ocrx_word' id='word_1_172' title='bbox 884 2374 891 2385; x_wconf 95' lang='lat'>&#39;</span> 
     </span>
     <span class='ocr_line' id='line_1_28' title="bbox 178 2444 899 2528; baseline 0.008 -24"><span class='ocrx_word' id='word_1_173' title='bbox 178 2445 295 2506; x_wconf 81' lang='lat' dir='ltr'><strong>Ebusum</strong></span> <span class='ocrx_word' id='word_1_174' title='bbox 310 2444 417 2504; x_wconf 82' lang='lat' dir='ltr'><strong>insulam</strong></span> <span class='ocrx_word' id='word_1_175' title='bbox 433 2446 616 2505; x_wconf 71' lang='lat' dir='ltr'><strong>transmissum,</strong></span> <span class='ocrx_word' id='word_1_176' title='bbox 635 2448 688 2507; x_wconf 87' lang='lat' dir='ltr'><strong>Ubi</strong></span> <span class='ocrx_word' id='word_1_177' title='bbox 703 2450 771 2514; x_wconf 80' lang='lat' dir='ltr'><strong>urbe,</strong></span> <span class='ocrx_word' id='word_1_178' title='bbox 790 2470 849 2528; x_wconf 89' lang='lat' dir='ltr'><strong>quae</strong></span> <span class='ocrx_word' id='word_1_179' title='bbox 870 2471 899 2510; x_wconf 89' lang='lat' dir='ltr'><strong>ca</strong></span> 
     </span>
     <span class='ocr_line' id='line_1_29' title="bbox 178 2524 900 2606; baseline 0.01 -22"><span class='ocrx_word' id='word_1_180' title='bbox 178 2540 227 2603; x_wconf 90' lang='lat' dir='ltr'><strong>put</strong></span> <span class='ocrx_word' id='word_1_181' title='bbox 243 2524 329 2585; x_wconf 81' lang='lat' dir='ltr'><strong>insulae</strong></span> <span class='ocrx_word' id='word_1_182' title='bbox 345 2529 399 2592; x_wconf 88' lang='lat' dir='ltr'><strong>est,</strong></span> <span class='ocrx_word' id='word_1_183' title='bbox 428 2526 536 2587; x_wconf 82' lang='lat' dir='ltr'><strong>biduum</strong></span> <span class='ocrx_word' id='word_1_184' title='bbox 558 2530 728 2606; x_wconf 76' lang='lat' dir='ltr'><strong>nequicquam</strong></span> <span class='ocrx_word' id='word_1_185' title='bbox 749 2529 900 2591; x_wconf 88' lang='lat' dir='ltr'><strong>summula</strong></span> 
     </span>
     <span class='ocr_line' id='line_1_30' title="bbox 179 2606 889 2687; baseline 0.007 -22"><span class='ocrx_word' id='word_1_186' title='bbox 179 2609 241 2665; x_wconf 87' lang='lat' dir='ltr'><strong>bore</strong></span> <span class='ocrx_word' id='word_1_187' title='bbox 260 2622 417 2687; x_wconf 82' lang='lat' dir='ltr'><strong>oppugnata,</strong></span> <span class='ocrx_word' id='word_1_188' title='bbox 442 2609 488 2666; x_wconf 91' lang='lat' dir='ltr'><strong>ubi</strong></span> <span class='ocrx_word' id='word_1_189' title='bbox 510 2612 537 2666; x_wconf 92' lang='lat' dir='ltr'><strong>in</strong></span> <span class='ocrx_word' id='word_1_190' title='bbox 558 2606 629 2686; x_wconf 85' lang='lat' dir='ltr'><strong>spem</strong></span> <span class='ocrx_word' id='word_1_191' title='bbox 650 2612 747 2669; x_wconf 88' lang='lat' dir='ltr'><strong>irritam</strong></span> <span class='ocrx_word' id='word_1_192' title='bbox 760 2612 850 2669; x_wconf 76' lang='lat' dir='ltr'><strong>Frustra</strong></span> <span class='ocrx_word' id='word_1_193' title='bbox 863 2628 889 2669; x_wconf 77' lang='lat' dir='ltr'><strong>t-</strong></span> 
     </span>
     <span class='ocr_line' id='line_1_31' title="bbox 178 2686 885 2767; baseline 0.004 -19"><span class='ocrx_word' id='word_1_194' title='bbox 178 2686 283 2766; x_wconf 71' lang='lat' dir='ltr'><strong>tempus</strong></span> <span class='ocrx_word' id='word_1_195' title='bbox 297 2690 501 2749; x_wconf 87' lang='lat' dir='ltr'><strong>animadversum</strong></span> <span class='ocrx_word' id='word_1_196' title='bbox 523 2691 569 2754; x_wconf 88' lang='lat' dir='ltr'><strong>est,</strong></span> <span class='ocrx_word' id='word_1_197' title='bbox 591 2691 621 2748; x_wconf 88' lang='lat' dir='ltr'><strong>ad</strong></span> <span class='ocrx_word' id='word_1_198' title='bbox 641 2690 834 2767; x_wconf 81' lang='lat' dir='ltr'><strong>populationem</strong></span> <span class='ocrx_word' id='word_1_199' title='bbox 855 2712 885 2766; x_wconf 64' lang='lat' dir='ltr'><strong>ag</strong></span> 
     </span>
     <span class='ocr_line' id='line_1_32' title="bbox 180 2768 907 2851; baseline 0.006 -23"><span class='ocrx_word' id='word_1_200' title='bbox 180 2771 259 2835; x_wconf 84' lang='lat' dir='ltr'><strong>versi,</strong></span> <span class='ocrx_word' id='word_1_201' title='bbox 287 2769 390 2847; x_wconf 86' lang='lat' dir='ltr'><strong>direptis</strong></span> <span class='ocrx_word' id='word_1_202' title='bbox 410 2770 507 2849; x_wconf 90' lang='lat' dir='ltr'><strong>aliquot</strong></span> <span class='ocrx_word' id='word_1_203' title='bbox 528 2768 683 2847; x_wconf 75' lang='lat' dir='ltr'><strong>incendique</strong></span> <span class='ocrx_word' id='word_1_204' title='bbox 702 2772 779 2836; x_wconf 84' lang='lat' dir='ltr'><strong>vicit,</strong></span> <span class='ocrx_word' id='word_1_205' title='bbox 808 2775 907 2851; x_wconf 87' lang='lat' dir='ltr'><strong>major</strong></span> 
     </span>
     <span class='ocr_line' id='line_1_33' title="bbox 180 2846 896 2994; baseline -0.006 -81"><span class='ocrx_word' id='word_1_206' title='bbox 180 2846 260 2934; x_wconf 72' lang='lat' dir='ltr'><strong>quim</strong></span> <span class='ocrx_word' id='word_1_207' title='bbox 276 2869 308 2913; x_wconf 83' lang='lat' dir='ltr'><strong>ex</strong></span> <span class='ocrx_word' id='word_1_208' title='bbox 326 2852 467 2913; x_wconf 85' lang='lat' dir='ltr'><strong>continenti</strong></span> <span class='ocrx_word' id='word_1_209' title='bbox 485 2850 568 2932; x_wconf 73' lang='lat' dir='ltr'><strong>prada</strong></span> <span class='ocrx_word' id='word_1_210' title='bbox 581 2864 660 2931; x_wconf 84' lang='lat' dir='ltr'><strong>parta,</strong></span> <span class='ocrx_word' id='word_1_211' title='bbox 681 2861 765 2932; x_wconf 87' lang='lat' dir='ltr'><strong>quum</strong></span> <span class='ocrx_word' id='word_1_212' title='bbox 785 2854 814 2914; x_wconf 90' lang='lat' dir='ltr'><strong>in</strong></span> <span class='ocrx_word' id='word_1_213' title='bbox 832 2865 896 2994; x_wconf 66' lang='lat' dir='ltr'><strong>nasu</strong></span> 
     </span>
     <span class='ocr_line' id='line_1_34' title="bbox 863 2954 902 2993; baseline 0.026 -1"><span class='ocrx_word' id='word_1_214' title='bbox 863 2954 902 2993; x_wconf 85' lang='lat' dir='ltr'><strong>ee</strong></span> 
     </span>
    </p>
   </div>
   <div class='ocr_carea' id='block_1_6' title="bbox 0 0 920 3316">
    <p class='ocr_par' dir='ltr' id='par_1_7' title="bbox 0 0 920 3316">
     <span class='ocr_line' id='line_1_35' title="bbox 0 0 920 3316; baseline 0 0"><span class='ocrx_word' id='word_1_215' title='bbox 0 0 920 3316; x_wconf 95' lang='lat' dir='ltr'><strong> </strong></span> 
     </span>
    </p>
   </div>
   <div class='ocr_carea' id='block_1_7' title="bbox 274 3141 403 3298">
    <p class='ocr_par' dir='ltr' id='par_1_8' title="bbox 274 3141 403 3298">
     <span class='ocr_line' id='line_1_36' title="bbox 274 3141 403 3298; baseline 0 0"><span class='ocrx_word' id='word_1_216' title='bbox 274 3141 403 3298; x_wconf 38' lang='lat' dir='ltr'><strong>NK</strong></span> 
     </span>
    </p>
   </div>
  </div>
 </body>
</html>
