1814 3316
251 160 408 231 utut
434 165 465 232 u
494 165 637 235 xxvu.
757 174 818 255 3⁶9

83 277 155 334 nim
171 278 208 335 al
224 283 272 335 cn.
283 280 318 348 ό·
330 285 359 336 Ρ.
371 279 498 342 comeu'os,
520 282 675 356 irnpnarores
686 283 816 338 Romanos.

81 375 150 415 nme
161 358 195 414 ab
207 361 253 436 ipſs
274 360 347 416 velus
360 359 436 434 fonte
450 374 533 436 petere
543 369 711 419 Rommotum
729 360 816 415 asnid-

80 443 148 496 riam
161 441 265 518 voltuffl.
306 446 411 499 santus
430 459 485 498 non
503 440 592 519 legatis
610 439 691 499 modb
703 436 816 518 benign&

78 520 219 597 respondit,
241 521 282 578 sod
294 525 321 581 δι
334 521 387 598 ipse
405 519 501 600 legatos
514 540 577 579 cum
593 523 668 581 donis
681 523 712 580 ad
723 538 814 603 regem
853 586 858 593 ,

77 603 165 665 mifit.
193 607 225 661 L.
235 603 393 666 Genucium,
420 607 450 660 P.
461 601 602 667 Poetelium,
627 608 656 663 P.
675 606 817 682 Popilium.

80 687 160 745 Dona
176 682 264 748 tulere,
291 698 382 763 togam
398 687 426 742 δι
445 685 564 742 tunicam
582 703 745 761 purpuram,
764 683 816 743 'sel-

78 763 133 822 lam
151 763 301 830 eburneam,
322 780 436 842 pateram
456 784 489 823 ex
514 767 629 843 quinque
648 766 737 843 pondo
760 765 816 824 aun‘

79 846 190 905 fastam.
233 848 402 906 Protinus&
425 845 486 904 alios
509 847 604 906 Africae
627 847 729 926 regulos
752 846 814 923 juffi

79 929 155 987 adire.
177 929 322 1006 iisquoque
335 947 394 1004 quae
405 928 532 992 darentur,
543 941 651 1005 portata,
669 943 815 1008 togaeprae·

79 1024 167 1073 textae,
189 1013 217 1068 &
231 1025 335 1069 ternum
349 1011 437 1086 pondo
453 1025 546 1086 poterae
562 1028 653 1070 aureae.
690 1016 724 1070 Et
740 1009 814 1068 Alex·

80 1092 196 1150 andriam
219 1092 250 1148 ad
265 1090 435 1149 Ptolemaeum
454 1091 668 1171 cleopatramque
688 1111 759 1173 reges
773 1093 814 1149 Μ.

81 1172 173 1231 Atilius
195 1175 224 1231 bt
245 1173 348 1231 Manius
369 1173 465 1231 Atilius
484 1173 569 1251 legati,
595 1176 627 1233 ad
646 1191 814 1233 commemo-

81 1255 188 1312 randam
199 1255 422 1332 renovandamque
431 1256 574 1313 amicitiam
586 1256 665 1321 missi,
686 1257 755 1314 dona
771 1269 814 1312 tu·

81 1333 140 1400 bre,
159 1335 215 1413 regi
228 1348 318 1414 togam
335 1339 362 1395 δι
382 1337 499 1394 tunicam
510 1354 665 1410 purpuream
681 1355 745 1394 cum
759 1334 815 1394 selu

81 1416 214 1481 ebtunort
232 1419 327 1494 reginae
337 1414 428 1492 pdbm
442 1418 540 1493 pisiam
555 1434 617 1473 cum
625 1417 738 1475 amiculo
751 1435 814 1495 pur-

81 1516 171 1575 pureo.
212 1498 296 1556 Multa
310 1517 340 1555 ea
352 1500 446 1564 aesiate,
470 1515 522 1574 qua
539 1495 595 1555 haec
608 1497 676 1556 uua
694 1497 760 1561 sunt,
781 1512 815 1555 ex

80 1580 232 1659 propinquis
242 1577 346 1637 urbibus
357 1578 473 1660 agrisque
487 1580 608 1638 nunciata
622 1580 680 1640 sunt
690 1580 815 1660 prodigia.

82 1659 189 1723 Tusculi
200 1678 300 1740 agnum
314 1680 378 1720 cum
397 1660 474 1720 ubete
489 1660 699 1722 laurentianum
713 1686 721 1723 ι
739 1662 814 1738 Jovis

82 1745 144 1803 rodis
157 1741 262 1813 culmen
276 1740 387 1801 fulmine
397 1743 493 1808 ibium,
511 1763 542 1802 ac
554 1762 635 1822 prope
651 1747 726 1803 omni
740 1745 813 1801 tebbo

81 1826 220 1884 nudatum.
261 1823 354 1882 Iisdem
370 1824 453 1882 seme
473 1824 561 1881 diebos
578 1826 702 1903 Anagniae
717 1841 814 1883 terram

82 1921 143 1965 ante
153 1918 258 1981 portam
270 1906 351 1963 iubam
363 1905 433 1963 diem
446 1924 477 1963 ac
490 1906 597 1964 nostem
611 1905 664 1964 fine
676 1905 727 1965 ullo
745 1905 815 1984 ignia

82 1987 208 2046 alimento
226 1986 323 2045 arsisse:
352 1990 380 2045 bt
404 2005 464 2045 avos
484 1987 515 2044 ad
533 1988 681 2063 compitum
699 1987 814 2065 Anagni-

82 2086 150 2127 num
171 2070 199 2125 in
221 2065 282 2126 luco
299 2068 389 2126 Diana
407 2068 481 2125 nidos
494 2069 521 2124 in
541 2066 671 2125 arboribus
684 2067 815 2146 reliquisse.

81 2151 227 2210 Tarracinae
246 2151 273 2206 in
287 2149 352 2206 mari
370 2148 437 2208 haud
449 2147 540 2226 procul
553 2162 631 2225 portu
646 2168 742 2229 angues
756 2166 815 2206 ma·

81 2231 225 2311 gnitudinis
235 2231 317 2295 mirae,
336 2229 521 2290 lascivientium
534 2228 645 2308 piscium
660 2232 751 2295 modo,
770 2244 816 2288 ex*

81 2311 206 2372 subisse:
240 2312 386 2389 Tarquiniis
408 2330 519 2390 porcum
543 2330 606 2372 cum
631 2330 676 2370 ore
697 2314 816 2371 humano

81 2396 212 2474 genitum.
251 2397 286 2452 Et
301 2393 329 2450 in
340 2411 404 2472 agro
417 2395 546 2473 Capenate
557 2396 588 2452 ad
600 2392 688 2454 lucum
702 2394 817 2454 Feroniae

81 2490 193 2553 quatuor
212 2474 286 2553 signa
304 2472 427 2552 sauguine
447 2476 533 2535 multo
552 2476 624 2534 diem
654 2496 685 2535 ac
706 2479 816 2535 nomem

82 2556 188 2616 unaue.
225 2560 290 2613 Haec
300 2555 416 2634 prodigia
425 2554 513 2615 hostiis
530 2557 672 2632 majoribus
685 2571 818 2636 procurato

84 2639 189 2697 decreto
209 2636 386 2711 pontificum:
413 2634 611 2712 &supplicatio
639 2641 708 2696 diem
730 2656 816 2695 unum

85 2723 182 2779 Romae
200 2719 232 2774 ad
252 2719 340 2775 omnia
355 2717 503 2793 pulvinaria,
522 2717 631 2779 alterum
649 2722 677 2779 in
689 2721 819 2797 Capenate

86 2817 150 2882 agro
162 2800 195 2860 ad
213 2801 325 2861 Feroniae
342 2797 442 2864 lutum,
461 2798 565 2879 indiQ
650 2796 656 2801 ’
