1814 3316
134 198 177 301 ῃ
356 209 421 276 r.
452 207 484 275 n
505 209 519 274 1
541 206 572 274 v
595 209 643 275 11

133 319 199 377 uotis
212 313 327 375 debellati
339 316 438 391 ¹credere
454 319 529 396 poffe:
554 320 652 374 armari
671 318 749 396 capr'as
765 332 867 399 opertet,

131 402 281 461 &ducendas
293 400 320 454 in
332 418 440 478 aquam,
465 415 496 457 ut
507 401 552 457 vir
560 418 620 456 cum
629 403 685 458 viro
698 404 866 477 congrediaris.

132 483 252 542 Mando
264 495 343 560 atque
353 482 448 554 agendo·
457 502 494 538 res
514 491 627 541 Romana
641 487 731 548 uouit,
761 503 808 542 non
828 484 866 542 his

124 564 242 644 segnibus
262 562 367 639 confidis,
390 583 442 642 qua
461 565 542 621 timidi
561 578 637 621 muta
654 581 753 626 vocant.
803 570 865 625 Haec

131 646 201 706 velut
220 646 388 706 concionanti
412 646 531 704 Minucio
552 647 806 707 circumfundebatur
823 652 867 708 tri·

132 730 266 788 hunorum
280 729 450 806 equitumque
461 733 647 787 Rornanorum
664 730 815 797 multitudo,
838 736 865 792 δι

129 813 162 871 ad
190 831 263 870 aures
293 829 398 889 quoque
424 809 538 870 militum
567 811 638 870 dieta
658 811 755 871 ferocia
778 812 866 872 volve·

129 893 236 953 bantur:
264 910 310 959 ac,
339 893 360 951 sr
379 891 494 951 militaris
516 892 628 972 suffragii
647 913 687 952 res
702 896 774 962 esset,
798 895 865 956 haud

129 974 215 1054 dubibl
228 975 358 1042 ferebant,
388 976 538 1036 Minucium
566 976 645 1034 Fabio
670 976 731 1037 duci
748 978 866 1054 praelatu·

131 1078 184 1120 roa.
720 1095 729 1101 -

141 1170 146 1181 ’
171 1145 235 1202 XV.
254 1139 344 1200 Fabius
355 1143 447 1220 pariter
458 1145 485 1201 in
495 1143 555 1203 suos
567 1143 632 1203 haud
647 1140 733 1202 minbs
745 1142 827 1222 quim
836 1145 863 1204 iu

130 1224 216 1283 hostes
237 1225 359 1288 intentus,
387 1222 457 1303 priias
473 1226 505 1283 ab
526 1226 572 1285 illis
593 1228 724 1284 invibbum
744 1231 865 1285 animum

128 1309 258 1385 praestans,
275 1326 423 1384 quanquam
436 1306 516 1385 probb
527 1302 582 1372 fcit,
602 1311 694 1367 nonin
707 1311 792 1368 castris
805 1329 866 1368 mo-

130 1387 165 1448 dd
183 1389 249 1455 suis,
275 1388 316 1446 sod
338 1392 395 1466 jam
415 1392 493 1449 etiarn
521 1394 618 1449 Romae
642 1390 770 1450 infamem
791 1393 865 1451 suam

129 1474 327 1532 translationem
345 1471 409 1538 effe,
431 1473 571 1533 obstinatus
590 1476 683 1532 eodem
699 1475 867 1534 confiliorum

129 1569 220 1615 tenore
227 1556 317 1615 aestatis
329 1555 455 1633 reliquum
471 1559 593 1616 extraxit:
614 1571 644 1616 ut
658 1556 773 1620 Annibal,
793 1559 869 1616 delli·

129 1651 202 1696 tutus
215 1639 247 1695 ab
260 1637 304 1712 spe
314 1638 481 1714 summopere
492 1641 564 1715 petiti
578 1640 732 1699 certaminis,
752 1640 808 1710 jam
824 1639 868 1696 hi-

130 1718 214 1777 bernis
225 1719 316 1776 locum
329 1718 566 1793 circumspectaret:
594 1721 654 1797 quia
667 1738 696 1775 ca
714 1720 787 1796 regio
800 1740 869 1796 prae·

128 1800 206 1859 smtis
216 1817 269 1858 erat
280 1803 371 1877 copiae,
390 1819 592 1877 nonpctpetuae;
615 1801 713 1857 arbusta
726 1803 871 1878 vineaeque.

129 1888 159 1944 ἃ
173 1883 272 1943 consita
286 1885 376 1941 omnia
395 1887 479 1962 magis
505 1884 619 1941 amocms
632 1882 711 1960 qulam
725 1883 869 1943 necessariis

129 1965 267 2025 frudtibus.
285 1971 346 2024 Haec
359 1986 405 2042 per
414 1966 582 2044 exploratores
593 1965 760 2025 relataFabio.
772 1971 868 2047 Qrum

128 2047 186 2107 satis
199 2049 273 2107 sciret
286 2067 330 2125 per
342 2050 444 2108 easdem
459 2052 595 2130 angustias,
619 2049 711 2127 quibus
729 2051 869 2109 intraverat

129 2131 265 2190 Falernum
280 2151 384 2211 agrum,
402 2132 554 2196 rediturum,
574 2131 725 2190 Calliculam
743 2147 867 2192 montem

59 2264 66 2277 .
131 2215 310 2275 &Casilinum
326 2232 437 2292 occupat
452 2217 562 2275 modicis
572 2215 708 2291 praesidiis:
728 2233 786 2294 quae
799 2214 869 2281 urbs,

129 2298 261 2356 Vulturno
273 2301 382 2357 flumine
394 2300 531 2375 dirempta,
552 2297 687 2356 Falernum
703 2317 733 2356 ac
754 2301 869 2374 Campa·

128 2398 197 2436 num
212 2398 288 2457 agros
299 2382 406 2436 dividit:
425 2380 477 2454 ipse
492 2381 564 2457 jugis
576 2380 665 2438 iisdem
680 2381 868 2438 exercitumre·

129 2462 210 2523 ducit.
230 2460 308 2516 mirso
320 2460 482 2537 exploratum
504 2480 566 2519 cum
586 2462 776 2540 quadringentis
796 2462 869 2539 equi·

129 2542 198 2601 tibus
213 2542 343 2600 sociorum
362 2548 393 2601 L.
405 2541 515 2601 Hostilio
530 2546 667 2603 Mancino:
689 2545 779 2621 quiex
794 2543 868 2602 turba

129 2625 260 2702 juvenum
274 2627 433 2684 audientium
454 2624 518 2702 saepe
536 2624 652 2686 ferociter
666 2627 867 2685 concionantem

131 2709 289 2787 magistrum
298 2709 435 2785 equitum,
453 2708 597 2786 progressus
608 2706 869 2787 primbcxploratoris

131 2791 223 2852 modo,
244 2806 273 2847 ut
286 2810 317 2847 ex
330 2807 387 2849 tuto
401 2789 567 2864 specularetur
585 2793 696 2853 hostem,
722 2791 765 2846 ubi
786 2808 867 2868 vagos

130 2872 223 2950 pallam
239 2891 282 2948 per
299 2874 369 2931 vicos
391 2874 520 2929 Numidas
541 2876 612 2938 vidit,
640 2893 684 2950 per
698 2872 863 2929 occasionem

130 2957 208 3015 etiam
220 2955 428 3032 paucosoccidit.
440 2955 571 3032 extemplo
578 2968 716 3032 occupatus
724 2957 864 3015 certamine

827 3033 862 3088 cst
