1814 3316
139 116 181 205 43
367 92 636 183 noivit

137 222 250 284 Fabianis
274 219 379 286 aetibm,
411 239 492 301 qnam
516 219 635 278 debellare
654 220 751 297 peffent,
775 220 868 283 huenen

136 305 245 383 traxisse.
285 306 315 361 Id
322 303 408 381 foedus
424 306 489 359 inter
506 320 586 358 omnes
603 301 689 359 nobiles
709 306 806 363 e'tmm:
825 325 870 361 nee

130 391 210 466 finem
225 388 284 446 ante
301 385 355 443 belli
366 383 502 449 habituros,
517 380 600 460 queim
611 384 732 458 consulem
745 387 808 444 vere
815 387 869 463 plr-

137 470 230 550 ὄψου,
245 468 273 525 id
285 468 324 541 ess,
340 465 463 531 hominem
475 483 569 522 nevum
580 464 633 540 feei
649 481 698 523 ent.
717 484 779 541 nem
787 466 868 546 plebe-

128 555 172 630 jos
188 547 272 606 nobiles
282 550 338 628 jam
353 548 439 626 eisdem
457 548 564 603 initiatos
582 549 625 624 ff
638 548 735 620 sactis:
757 549 794 618 ό·
813 568 868 607 een-

136 647 247 689 temnere
256 629 360 708 plebem,
381 649 414 686 en
429 647 478 706 qno
489 630 609 684 contemni
624 627 735 702 defierine
749 627 770 687 ὰ
785 634 868 688 Patri-

137 712 192 776 bus,
213 715 272 790 eaepr'
286 733 308 770 e.
344 714 393 768 cni
410 728 458 766 mn
476 709 504 765 id
519 719 659 786 appareret
683 712 711 767 id
723 713 811 768 enum
830 710 866 783 ό

136 792 265 873 qnesstnm
282 793 332 871 effe,
350 806 381 848 nt
399 793 565 864 interregnum
580 791 704 848 iniretur:
721 807 753 848 nt
774 796 801 847 in
819 801 867 851 rn-

138 891 210 934 ttttm
226 876 340 952 potestate
352 874 449 929 comitia
464 872 543 948 effent.
578 872 608 927 ld
619 872 724 944 consules
738 873 823 929 ambos
834 874 870 931 ni

138 959 273 1015 exereitum
292 955 406 1013 morando
425 952 532 1031 qnefiffe.
549 952 577 1008 id
591 952 676 1027 pellea,
705 957 766 1030 quin
785 956 868 1011 invitis

139 1039 169 1095 iit
184 1039 284 1095 titiant
301 1036 355 1113 esset
369 1036 445 1092 ditius
462 1036 616 1090 comitiorum
632 1033 721 1111 ennffe,
742 1050 868 1112 expugne-

104 1130 107 1135 '
138 1133 198 1177 tttm
209 1120 261 1194 effe,
273 1131 305 1174 ttt
315 1117 417 1191 vitiosus
426 1117 530 1173 diiiatot·
537 1130 581 1193 pet
592 1133 700 1188 augures
709 1117 794 1191 fieret.
812 1126 867 1175 Ha·

139 1200 195 1257 bete
209 1202 286 1275 igitur
297 1199 464 1277 interregnum
476 1216 529 1252 eos:
548 1198 700 1270 consulatum
712 1217 794 1257 antem
805 1200 869 1257 terti

137 1280 212 1360 plebis
228 1291 339 1339 Romane
354 1280 418 1357 effe.-
434 1278 550 1355 populetm
561 1277 666 1334 libertem
677 1277 825 1339 habiturum
839 1298 868 1337 ae

41 1420 44 1425 .
137 1361 261 1421 intutum
277 1363 307 1427 ei,
327 1364 372 1440 qni
383 1363 460 1433 magis
474 1360 535 1419 vere
549 1362 655 1424 vincere,
672 1359 756 1438 qnelm
766 1362 810 1420 ,uu
821 1364 868 1421 m.

137 1458 232 1523 perere,
249 1445 332 1503 mab.

182 1528 299 1584 XXXV.
320 1527 413 1603 Qum
435 1521 475 1579 his
494 1523 651 1581 orationibus
676 1522 780 1581 acerno
800 1512 874 1601 plebt'

140 1607 210 1670 effet,
227 1605 308 1664 tribus
326 1605 436 1680 patriciis
456 1604 610 1680 petentibus,
626 1608 656 1662 P.
670 1604 794 1662 Cornelio
812 1609 870 1663 Me-

139 1688 224 1751 tenda,
252 1692 283 1745 L.
305 1685 403 1745 Manlio
427 1684 547 1750 Volsone,
575 1691 614 1746 M.
633 1686 742 1743 AEmilio
763 1688 870 1763 lepido,

139 1767 241 1825 duobus
256 1765 383 1825 nobilibus
401 1764 458 1841 jam
477 1766 633 1825 familiarum
652 1765 742 1844 plebei,
763 1769 798 1828 C.
816 1769 870 1827 Ati·

138 1846 175 1907 lio
188 1854 294 1909 Serrano
309 1854 337 1909 bc
349 1854 386 1927 Q
398 1847 466 1905 AElio
483 1853 563 1914 Poto,
580 1867 693 1926 quorum
705 1848 767 1906 alter
783 1851 869 1928 ponti-

302 1930 354 1996 fex,
375 1928 435 1987 nlter
447 1948 529 2008 augur
540 1945 600 1995 erat,
615 1933 647 1987 C.
659 1932 796 1991 Terentius
807 1951 869 1991 oon·

140 1989 269 2106 “ffb''
303 2011 340 2071 sul
359 2029 425 2070 unus
444 2026 551 2077 creatur,
568 2026 597 2070 ut
618 2013 646 2068 in
666 2030 748 2071 mauu
761 2014 819 2090 ejuo
833 2012 869 2073 es·

139 2131 205 2179 ,m
215 2092 270 2187 5⁰³⁶·
304 2094 359 2153 sent
382 2094 490 2153 comitia
510 2092 626 2173 rogando
645 2092 758 2173 collegae.
796 2102 868 2155 'lum

107 2234 109 2240 ,
305 2190 409 2255 experta
431 2174 547 2233 nobilitas
566 2193 658 2252 parum
683 2174 756 2233 fuisse
774 2179 869 2235 virium

138 2256 167 2312 in
183 2258 405 2333 competitoribus,
417 2262 449 2317 L.
461 2257 596 2315 AEmilium
609 2255 735 2322 Paullum,
745 2259 792 2333 qui
807 2276 869 2317 cum

139 2340 181 2394 M.
192 2340 267 2396 Livio
283 2338 372 2396 consui
385 2336 476 2400 fuerat,
497 2342 526 2396 bc
537 2338 701 2397 damnatione
718 2338 824 2417 collega
841 2344 870 2399 bt

138 2415 184 2473 sua
201 2436 281 2493 prope
295 2418 428 2475 ambustus
443 2418 560 2482 erasnm,
580 2420 703 2478 infestum
725 2419 801 2496 plebi,
827 2421 870 2479 d'm

138 2516 171 2556 ac
191 2494 306 2556 multum
321 2498 490 2564 recusantem,
511 2500 542 2557 ad
561 2503 712 2577 petitirm
729 2500 870 2579 compellit.

137 2577 161 2636 io
177 2582 300 2656 proximo
317 2580 442 2640 comitiali
458 2582 508 2647 die,
531 2581 729 2641 concedentibus
747 2583 870 2643 omniuo

136 2662 185 2737 qui
198 2681 261 2720 cum
274 2669 387 2724 Varrone
398 2676 561 2726 certaverant,
583 2682 628 2740 por
642 2661 729 2739 magis
740 2663 768 2718 in
784 2665 871 2725 adru-

138 2741 256 2810 sandum,
275 2747 355 2824 quim
369 2744 475 2822 collega,
495 2745 568 2803 datur
584 2740 689 2800 consuli.
728 2742 794 2802 Inde
806 2764 870 2823 pm·

137 2824 322 2907 ffloemitia
331 2824 871 2965 bebimcreatlbiauiuti’omponiuobliloo·

817 2920 830 2966 t
