1814 3316
256 136 469 209 ntnnu
511 136 623 204 xxii.
747 160 787 223 ῃ

19 274 24 283 ·
60 246 403 313 tnmdavallemiiataiis
419 247 706 326 fraustimeripoterat.
724 253 794 307 dte·

62 348 112 394 rant
121 336 152 392 in
165 330 328 391 anfractibus
342 347 410 387 cavae
421 349 503 407 rupes,
524 344 555 389 ut
569 333 688 408 quaedam
702 348 795 388 earum

60 418 171 476 ducenos
184 425 304 473 armatos
316 411 417 488 poffcnt
431 431 529 489 capere.
567 416 600 471 ln
616 412 662 471 lus
680 412 796 476 latebras,

58 512 119 576 quot
129 513 267 575 quemque
281 494 373 552 locum
387 490 445 570 apti
461 495 565 552 insrdere
574 511 700 571 poteraut,
718 496 797 571 quin·

60 598 106 657 que
116 578 200 637 millia
210 576 363 636 conduntur
379 575 494 650 peditum
505 578 683 654 equitumque.
701 574 797 634 necubi

61 678 146 720 umen
166 672 214 719 rut
232 671 327 714 motus
345 654 452 730 aiicujus
463 671 560 714 temere
570 657 668 736 cgressi,
688 672 732 714 aut
745 654 796 714 iul·

62 761 106 821 gor
119 756 260 800 umorum
275 736 395 796 fraudem
411 737 439 794 in
457 737 520 795 valle
532 752 589 796 tam
599 753 686 816 aperta
695 739 797 816 detege·

61 840 106 887 ret,
129 822 211 880 miffis
225 820 318 897 paucis
332 818 417 896 prima
435 817 492 876 luce
505 819 537 876 ad
551 820 703 896 capiendum
718 838 798 896 quern

62 920 123 963 ente
146 904 260 961 diximus
283 897 428 962 tumulum,
455 902 544 958 avertit
564 900 654 960 oculos
673 901 801 959 hostium.

64 987 157 1044 Primo
173 984 261 1041 statim
285 979 426 1056 conspectu
443 996 595 1060 contempta
614 984 749 1060 paucitati
765 1002 798 1041 ac

63 1066 108 1124 fibi
125 1063 234 1143 quisque
245 1061 382 1139 deposcere
392 1060 519 1138 pellendos
530 1066 590 1122 inde
604 1064 696 1123 hoster.
715 1064 746 1121 ad
760 1064 800 1121 io·

65 1142 425 1304 &addititii
435 1144 801 1287 &sistitis

65 1311 179 1384 increpat
189 1308 304 1366 hostem.
345 1308 474 1383 Principio
485 1308 569 1368 levem
583 1325 739 1367 armaturam
754 1308 801 1365 de-

67 1391 161 1453 mittit,
196 1389 287 1447 deiude
307 1386 427 1447 conferto
451 1390 556 1467 agmine
582 1392 664 1447 mittit
684 1389 800 1465 equitet:

67 1468 209 1549 postremd,
237 1488 319 1547 quum
346 1469 462 1527 hostibus
479 1489 584 1548 quoque
605 1470 711 1529 subsidia
731 1470 802 1528 mitti

67 1554 169 1615 videret,
189 1553 321 1610 instructis
341 1549 483 1630 legionibus
503 1554 626 1629 procedit.
664 1558 699 1612 Et
719 1552 800 1610 Anni-

67 1634 108 1693 bal
121 1632 294 1719 lqbormtibut
310 1631 361 1690 suis
379 1631 425 1691 alia
441 1646 515 1710 atque
530 1635 585 1700 alia,
606 1634 733 1693 crescente
747 1653 801 1692 cer·

66 1717 172 1781 tamine,
193 1715 302 1773 mittent
314 1714 404 1772 auxilia
417 1715 532 1791 pediturn
542 1719 721 1794 equitumque,
742 1716 801 1790 jain

66 1799 161 1874 justam
173 1795 319 1873 expleverat
332 1797 424 1860 aciem,
443 1799 547 1855 actoris
561 1801 692 1875 utrimque
707 1797 801 1856 viribus

68 1881 218 1937 cacabum.
261 1880 349 1935 Prima
373 1876 433 1935 levis
459 1894 586 1939 armatura
605 1884 802 1943 Romanorum,

68 1972 277 2037 praeoccupamm
298 1957 418 2017 inferiore
433 1957 492 2018 loco
506 1954 645 2021 succedent'
657 1961 804 2024 tumulum,

69 2040 138 2118 pulsa
156 2039 449 2115 detrusaqueterrorem
470 2044 498 2097 in
518 2043 694 2101 succedentem
717 2041 805 2097 intulit

71 2125 196 2197 equitem,
213 2125 242 2179 ic
261 2121 294 2177 ad
312 2121 384 2198 signa
404 2121 537 2200 legionum
559 2124 663 2200 refugit.
684 2120 802 2195 peditum

70 2205 134 2261 teies
145 2203 211 2260 inter
219 2200 349 2278 perculsos
359 2204 490 2278 impavida
504 2203 555 2261 sola
569 2218 640 2267 erat,
661 2201 803 2261 videbatu-

70 2302 127 2360 que,
139 2285 160 2341 ii
170 2286 241 2358 justa
250 2298 297 2342 aut
311 2283 412 2343 firceta
424 2302 513 2364 pugne
525 2285 594 2349 esset,
607 2284 802 2363 haudquaquam

71 2366 153 2440 impar
171 2365 270 2424 sutura.
289 2377 394 2423 tantum
412 2367 561 2423 animorum
575 2365 667 2425 fecerat
687 2367 804 2445 prospere

70 2461 127 2503 ante
139 2465 238 2522 paucos
250 2448 306 2503 dies
318 2464 358 2503 res
371 2447 449 2524 gesta.
491 2448 539 2504 Sed
549 2450 631 2507 exorti
640 2466 743 2524 repente
762 2451 802 2507 in·

69 2528 197 2586 fidiatores
220 2546 284 2586 eum
309 2527 453 2585 tumultum
472 2542 655 2605 terroremque,
681 2530 707 2585 in
728 2529 805 2589 latere

70 2611 200 2685 utrimque
212 2609 246 2667 ab
256 2623 383 2685 tergoque
392 2609 553 2674 incursantes,
571 2610 696 2672 fecerunt,
718 2623 748 2667 ut
760 2631 805 2669 ne·

70 2708 120 2766 que
132 2692 238 2749 animun
252 2690 285 2747 ad
298 2707 425 2770 pugnam,
442 2710 525 2770 neque
539 2691 569 2749 ad
583 2691 673 2769 fugam
685 2690 739 2768 spes
752 2696 807 2751 cui·

71 2770 306 2852 quamiirpereffet,

601 2854 705 2913 xxix.
726 2858 803 2913 Tunc
