1814 3316
144 298 186 364 26
373 292 417 359 T.
451 292 642 361 Livii

140 404 378 467 clusurindevideri
388 404 503 470 Annibal,
522 402 872 471 viaadCafilinumobseffii
898 438 905 449 ·

137 506 223 567 quum
236 491 364 565 Captis&
379 488 524 550 Samnium,
545 492 574 547 &
587 500 691 546 tuntum
706 486 740 546 ab
751 494 873 573 tugodi.

137 570 223 631 vitum
235 568 365 628 sotiorum
378 571 507 629 Romanis
526 584 690 628 commeatus
708 568 871 633 subveheret:

134 652 235 711 Pierius
247 668 335 711 contra
347 653 412 711 intra
425 652 560 711 Formiana
572 650 639 716 saxa,
657 670 688 710 ac
710 652 826 713 Lintemi
839 676 869 715 a·

135 751 218 800 imas,
236 736 374 815 stagnaque
389 732 534 811 perhorrida
552 733 611 797 situ,
640 730 817 794 hibernaturus
831 738 870 797 es

130 814 197 878 set·
220 820 280 876 Nec
296 816 447 875 Annibalem
467 814 563 879 fefellit,
579 813 630 872 suis
647 813 674 871 se
689 816 785 875 aitibrts
802 821 866 896 peti.

132 897 219 977 itaque
231 918 314 978 quum
326 896 519 976 perCafiliuum
532 896 698 955 evaderenon
709 900 867 978 polhepe-

131 982 252 1059 teudique
266 996 377 1044 montes,
394 980 449 1038 δι
440 996 537 1059 juguni
549 977 679 1037 Calliculae
694 920 867 1056 stipandum

128 1064 200 1127 esset,
214 1063 306 1123 necubi
312 1066 450 1121 Romanus
461 1059 586 1119 inclusum
595 1060 698 1119 vallibus
709 1079 808 1140 agmen

129 1145 291 1223 grederemi,
312 1143 453 1203 ludibrium
470 1142 622 1207 oculorum,
652 1142 734 1237 specie
747 1084 866 1215 ιιιιιιιιί,

129 1226 161 1283 ιιι
173 1227 346 1286 frustrandum
359 1224 461 1283 hostem
475 1236 653 1289 commentus,
669 1226 799 1304 principio
814 1246 862 1287 no·

129 1308 180 1365 diis
197 1307 289 1367 fintim
307 1306 439 1367 succedere
454 1307 485 1363 ad
506 1321 610 1364 montes
630 1307 724 1366 statuit.
762 1308 862 1370 idum

128 1388 227 1447 consilii
241 1388 296 1449 tilis
307 1402 441 1467 rpparatus
457 1387 516 1447 fuit.
555 1391 633 1445 Faces
650 1390 763 1466 undique
779 1408 812 1449 ex
832 1412 860 1452 ι-

122 1472 181 1549 gris
192 1470 311 1537 collesiae
329 1469 456 1547 fascesque
468 1470 610 1549 virgarum
630 1484 708 1548 atque
722 1472 790 1530 arida
806 1472 860 1547 ¹sar-

126 1568 217 1613 menta
233 1552 397 1633 praeligantur
407 1550 529 1610 cormbus
539 1552 636 1610 boum
664 1570 731 1630 quos
742 1554 857 1613 domitos

122 1635 318 1713 indomitosque
332 1634 458 1693 inultos
449 1648 514 1693 inter
526 1650 636 1693 ceteram
652 1636 778 1710 agrestem
792 1656 856 1713 pia:-

124 1716 187 1773 dani
204 1717 303 1797 agebat.
331 1718 363 1775 ad
377 1716 430 1774 duo
452 1715 529 1774 millia
547 1715 630 1773 ferme
648 1712 730 1771 boum
746 1716 857 1777 effem-

123 1798 303 1876 Asdrubalique
316 1798 452 1879 negotium
467 1798 572 1863 datum,
600 1811 631 1855 ut
644 1796 735 1873 piiinis
745 1799 857 1859 tenebris

123 1880 247 1938 nosiisid
264 1896 411 1939 armentum
427 1880 536 1940 accensis
557 1876 677 1939 comibus
695 1879 728 1937 ad
747 1896 856 1939 moriter

121 1978 216 2041 ageret.
243 1960 373 2029 maximi,
393 1962 520 2041 sipoffet,
542 1961 614 2040 fiiper
629 1958 705 2020 saltus
724 1959 758 2020 ab
778 1961 854 2023 hollo

116 2044 233 2103 insessos.

160 2130 251 2187 XVII
271 2128 364 2185 Primis
380 2124 488 2184 tenebris
496 2122 594 2183 silentio
606 2126 781 2191 motacastrt
801 2124 851 2185 ho·

117 2225 162 2268 ves
174 2210 304 2289 aliquanto
314 2222 374 2268 ante
385 2209 456 2287 sigua
467 2208 528 2266 ιᾶι.
548 2206 592 2265 ubi
609 2208 640 2264 ad
654 2206 750 2265 radices
769 2226 849 2268 mori·

116 2294 184 2347 tium
198 2292 299 2368 viasque
310 2292 427 2371 angustas
444 2301 553 2347 ventum
565 2290 611 2355 est,
631 2288 735 2367 signum
747 2305 849 2349 extem·

113 2370 159 2446 plo
170 2373 251 2434 datur,
270 2386 300 2427 ut
312 2370 423 2429 accensis
437 2370 557 2427 comibus
572 2384 687 2426 armenia
708 2372 736 2426 in
758 2372 846 2431 adver·

113 2456 154 2509 los
166 2453 326 2511 concitentur
344 2464 463 2509 montes·
487 2454 516 2507 δι
536 2464 622 2507 motus
643 2448 697 2545 ipse
711 2450 842 2513 ιιιιιιιιιιιι

111 2534 229 2592 flammis
241 2552 273 2591 ex
281 2533 370 2607 capite,
381 2529 522 2608 calorque
513 2548 569 2605 Jam
582 2532 651 2589 ad'
626 2550 719 2591 vivum
731 2536 783 2593 ad
775 2554 836 2596 ima·

108 2634 162 2693 que
175 2632 304 2677 cornuum
318 2614 462 2679 adveniens,
479 2612 548 2671 velut
559 2613 702 2675 stimulatos
713 2616 829 2677 summa

106 2697 185 2775 gebat
208 2699 294 2757 boves.
323 2716 377 2776 qno
396 2710 498 2773 repente
518 2695 645 2763 discursu,
676 2696 745 2756 liaud
768 2699 824 2759 socii

105 2778 187 2855 quliii
205 2782 272 2839 silvis
283 2778 465 2856 montibusque
478 2778 597 2843 accenlis,
622 2781 714 2838 omnia
736 2782 818 2841 cinctu

104 2862 213 2941 virgulta
227 2865 323 2922 ardere:
346 2863 513 2939 capitumque
525 2862 593 2919 irrita
607 2860 740 2941 quass'atio,
766 2882 812 2925 exi

104 2960 159 3003 tans
179 2947 333 3009 flammam
360 2944 502 3002 hominum
523 2943 615 3020 paffim
637 2942 803 3007 discurrentiu

101 3030 211 3091 :seriem
231 3026 355 3110 praebebat
401 3028 452 3101 Qui
474 3026 505 3087 ad
526 3026 659 3087 transitum
681 3025 799 3165 salgusdi'n

732 3125 763 3165 en
783 3127 793 3165 ι
