1814 3316
268 157 312 229 'L
332 155 346 228 l
369 151 492 228 BER
533 153 662 228 XXVI.
765 171 825 246 34r

88 250 214 318 §aritiam
223 261 251 318 bt
260 259 433 318 crudelitatem
444 262 555 326 animus,
573 260 604 319 ad
616 259 750 338 spolianda,
768 279 827 338 quae

90 341 160 398 tueri
172 339 299 416 nequibat,
313 357 342 399 ut
352 343 445 400 vastata
457 343 523 400 hosti
533 341 740 419 relinquerentur,
751 343 825 401 inclid

92 424 176 482 navit.
215 422 246 478 ld
259 421 363 480 foedum
378 423 512 484 eonsilium
526 441 587 481 curn
603 426 707 500 incepto
718 427 778 482 tum
798 442 826 482 e·

93 504 161 563 tiam
180 504 251 561 exitu
272 503 329 564 frit.
357 507 531 584 nequeenim
547 505 651 583 indigna
673 505 825 581 patientiuni

93 585 181 674 niodo
200 584 400 644 abalienabantur
415 587 505 651 animi,
527 584 569 644 sed
582 601 725 644 ceterorum
737 588 828 646 etiam.

93 665 826 836 Wllmttfflll‘ttlttluzlltt

96 827 200 889 limnde
216 828 271 908 sper
285 829 368 909 aliqua
379 831 405 889 se
424 831 577 895 ostendisset,
593 831 684 889 deerat.
724 831 825 908 Salapiae

96 911 225 990 principes
237 925 315 977 aaut,
336 913 427 972 Dafius
442 912 585 974 ocularius:
604 912 696 991 Dasius
708 911 826 970 Annibali

97 993 211 1051 amicus:
245 993 346 1058 Blafiur,
375 1009 504 1072 quantum
520 1009 552 1052 ex
567 1005 743 1070 tutopoterat¹
767 1012 832 1050 rem⁸

50 1072 53 1083 '
96 1076 248 1134 Romanam
261 1073 388 1142 fovebatr‘
399 1081 427 1136 δι
440 1095 484 1154 per
494 1074 611 1134 occultos
629 1075 737 1133 nuncios
752 1073 825 1153 spern

96 1155 248 1233 proditionis
259 1154 355 1215 fecerat
366 1155 494 1216 Marcello.
510 1157 551 1215 sed
570 1156 623 1214 fine
638 1157 753 1234 adjutore
770 1160 824 1214 Da-

71 1266 74 1274 *
95 1235 134 1294 fro
146 1255 188 1294 res
201 1237 306 1316 tranfigi
324 1256 377 1296 non
389 1254 496 1316 poterat.
536 1236 651 1296 Multum
664 1258 698 1297 ac.
706 1239 750 1296 diu
763 1257 829 1297 cun·
867 1290 870 1294 .

96 1318 192 1383 nans,
209 1323 238 1377 δι
253 1333 311 1377 tum
322 1338 426 1397 quoque
438 1318 522 1398 magii
535 1319 622 1395 inopia
632 1314 729 1376 consilii
739 1321 826 1395 potio·

96 1389 141 1465 iir,
157 1397 240 1481 quim
255 1398 298 1476 spe
312 1401 429 1466 effeetus,
453 1401 560 1458 Darium
583 1399 727 1476 appellabat.
744 1415 771 1458 at
787 1399 827 1458 ille
882 1457 888 1468 ,

97 1497 163 1540 cum
176 1479 246 1539 abre
257 1480 366 1547 aversus,
393 1496 452 1540 turn
472 1479 569 1540 aemulo
583 1495 727 1556 potentatus
739 1481 829 1539 inimi·
883 1486 895 1563 J

97 1570 154 1628 cun
170 1566 230 1620 'rem
245 1562 359 1620 Annibali
376 1563 464 1640 aperit.
504 1561 626 1620 Arceffito
640 1577 757 1640 utroque,
773 1565 829 1620 An·

96 1641 166 1701 nibal
178 1661 262 1719 quum
276 1662 324 1719 pro
333 1643 449 1703 tribunali
459 1644 575 1720 quaedam
590 1656 683 1723 ageret,
708 1658 774 1702 mox
795 1643 828 1701 de

96 1720 179 1783 aurio
192 1725 351 1802 cogniturus,
371 1727 511 1802 starentque
525 1724 660 1784 summoio
670 1725 769 1802 populo
785 1721 832 1783 aci

90 1800 203 1879 ‘mutor
213 1809 241 1865 bc
254 1823 328 1863 reusz
348 1805 480 1864 Blaliusde
493 1806 637 1880 proditione
655 1807 764 1864 Drfiurn
782 1820 828 1881 ap-

93 1882 214 1962 petrum.
243 1886 453 1956 Enimverorlle.
472 1884 716 1945 v'elutinmanifesta
728 1903 763 1950 re,
784 1903 829 1944 ax·

92 1964 204 2031 'clamat
221 1963 268 2024 sub
281 1967 362 2025 oeulis
382 1966 510 2026 Annibalis
528 1966 615 2026 secum
630 1967 663 2026 de
682 1965 828 2044 proditione

98 2048 152 2127 agi.
193 2047 309 2106 Annibali
320 2051 443 2127 atqueeis
456 2051 500 2125 q'ui
511 2048 620 2113 aderant,
643 2064 698 2124 quo
714 2049 830 2106 audacior

94 2135 140 2186 'ret
152 2141 214 2194 erat,
234 2129 321 2186 minus
339 2131 427 2188 fimilis
439 2132 493 2187 teri
507 2128 558 2198 visa
574 2133 618 2190 est.
637 2128 830 2197 aemulationem

99 2208 220 2287 profedtd
232 2223 309 2289 atque
321 2209 411 2270 odium
427 2211 487 2269 ess'e:
517 2213 545 2269 bc
565 2211 591 2268 id
612 2209 711 2268 crimen
737 2207 829 2273 afferri.

73 2360 76 2367 Ι
99 2290 180 2367 quod,
206 2293 271 2368 quia
291 2293 382 2350 testem
402 2291 495 2351 habere
513 2309 566 2349 non
583 2289 713 2370 patuiffet‚
730 2289 830 2348 liberius

100 2369 260 2452 fingenti'srt.
299 2374 339 2430 lta
351 2374 410 2432 inde
420 2372 516 2431 dimisti
526 2371 593 2432 sunt.
608 2390 656 2430 nec
666 2371 756 2430 Blifius
771 2389 830 2445 ante
856 2375 864 2384 “

99 2449 199 2510 abstitit·
207 2465 298 2510 tamen
309 2468 364 2511 ranr
376 2454 461 2513 rudaci
474 2455 586 2531 incepto,
602 2451 683 2531 qudm
696 2455 766 2512 idem
780 2452 830 2512 ob·

99 2533 242 2599 tundendo
261 2533 428 2612 docendoque
439 2532 519 2613 quini
532 2553 562 2592 ea
573 2554 612 2594 rer
622 2533 682 2612 ipfis
693 2535 830 2612 patriaque

99 2611 214 2674 salutant
232 2615 301 2679 ell‘et,
328 2616 443 2694 pervicit.
463 2623 504 2675 'tit
529 2615 673 2692 praesidium
701 2617 830 2674 Punicum
894 2646 898 2655 ·

99 2695 249 2775 (rpringenti
259 2690 347 2755 alitem
361 2697 487 2756 Numidae
495 2700 577 2770 erant)
593 2695 736 2772 Salapiaque
748 2696 830 2754 trade·

98 2787 171 2834 retur
183 2775 312 2836 Marcello.
353 2781 412 2839 Nec
424 2778 478 2834 fine
488 2774 653 2846 caedemulcr·
661 2777 726 2835 naui
737 2779 833 2852 potuit.

97 2853 181 2939 lorgi
199 2855 332 2945 fortlfimi
350 2862 469 2940 eqtritum
490 2871 551 2918 tono
563 2859 662 2920 Punico
671 2857 792 2922 exercitu
802 2865 832 2912 e··

108 2960 136 2977 ¹<
287 2973 293 2983 ·
452 2941 502 3019 1’3
543 2938 551 2946 ”
766 2945 862 3018 rant.⁴
