1814 3316
79 185 138 264 276
287 180 343 249 T.
381 180 625 265 LIVH,

76 301 246 374 junxeratque
265 315 327 355 cum
342 299 378 354 Τ.
393 299 502 371 Fonteio
522 295 553 351 P.
570 291 702 369 Scipionis·
716 287 806 370 legato.

78 381 128 437 Sed
148 392 250 437 tanturn
271 379 385 456 praestitit
408 394 484 454 eques
503 380 644 434 Romanus
661 373 808 432 audiorirate

80 461 145 518 inter
158 459 251 517 milites
268 458 345 536 atque
357 457 466 522 honore,
484 472 515 516 ut
529 457 619 516 castris
632 456 696 515 'citra
708 454 818 513 Ilrcrum·

80 542 259 605 communitis,
264 559 348 619 quum
356 541 450 598 ducem
461 540 624 597 exercituum
638 538 755 596 comitiis
765 533 818 592 mie'

81 621 193 681 litaribus
205 626 282 681 creari
299 622 436 700 placuisset,
456 619 592 678 subeuntes
608 618 650 678 alii
667 617 722 677 aliis
732 619 759 675 in
771 624 821 675 cu·'

83 704 193 762 stodiam
207 703 264 762 valli
277 703 453 780 stadonestque,
470 702 554 759 donec
564 718 610 776 per
622 718 720 759 omnes
732 697 812 757 suffir-

84 787 160 864 gium
179 784 236 850 iret,
263 786 295 843 ad
317 792 347 845 L.
363 785 490 845 Marcium
505 783 597 841 curui·
617 782 755 840 summam
769 781 814 838 im·

85 869 150 944 perii
162 867 305 927 detulerint.
344 873 433 925 Omne
443 866 502 923 inde
519 878 625 940 tempus
642 859 813 945 (exiguumid

87 950 148 1022 fuit)
167 950 312 1007 muniendis
331 950 424 1013 castris,
450 944 672 1024 convehendisque
686 950 823 1005 commea'

88 1030 157 1088 tibus
178 1031 385 1108 consumptum:
414 1033 453 1106 δι’
472 1028 561 1086 omnia
589 1028 701 1104 imperia
731 1024 816 1084 militer

90 1129 153 1168 cum
171 1112 290 1188 impigre,
314 1123 374 1169 tum
394 1110 590 1186 haudquaquam
610 1108 719 1183 abjedio
735 1109 824 1166 animo

89 1190 295 1268 exsequebantur.
342 1187 464 1249 Ceterum
491 1192 630 1268 postquam
659 1188 818 1247 Asdrubnltru

90 1272 224 1352 Gisgonis,
257 1274 404 1332 venientem
423 1274 455 1330 ad
478 1271 593 1348 reliquias
620 1269 678 1328 belli
700 1270 819 1333 delendas.

91 1356 204 1415 transrlst
221 1356 325 1415 lberum
344 1361 373 1416 δε
391 1356 593 1432 appropinquare
607 1351 712 1411 allatum
725 1351 820 1417 est‚-fi·

92 1457 228 1516 gnumque
239 1459 333 1518 pugnae
350 1437 510 1515 propositum
524 1434 557 1492 ab
569 1453 642 1491 noro
654 1435 722 1493 duce
735 1431 822 1492 milite
861 1502 863 1515 Ι

94 1520 229 1579 viderunt:
251 1518 383 1583 recordati,
408 1537 474 1596 quos
485 1515 568 1594 paullo
583 1531 642 1574 ante
658 1517 821 1592 imperatorer

93 1600 242 1663 habuissent,
274 1599 415 1676 quibusque
437 1604 466 1657 &
488 1596 596 1657 ducibus
616 1602 646 1657 ὃς
666 1599 750 1674 copiis
769 1595 823 1654 freti
842 1654 848 1673 ,

93 1680 194 1757 prodire
211 1681 241 1737 ad
262 1698 378 1758 pugnam
399 1679 463 1736 soliti
483 1680 571 1744 essent,
597 1680 771 1737 flere'omnos
788 1696 823 1736 re·

95 1775 180 1837 pente,
199 1767 226 1820 dc
239 1758 362 1819 offensare
372 1761 474 1836 capitas
499 1765 529 1820 &
549 1761 591 1837 alii
605 1779 701 1819 manus
720 1763 751 1822 ad
771 1779 824 1818 coe·

96 1840 152 1901 lum
172 1844 283 1907 tendere,
315 1847 385 1901 Deos
404 1840 568 1907 incusantes·²
598 1841 640 1900 alii
661 1844 731 1902 strati
753 1840 823 1900 humi

96 1924 171 1984 suum
185 1924 292 2002 quisque
304 1926 463 1982 nominatim
477 1926 571 1982 ducem
586 1922 732 2001 implorare.
748 1938 829 2000 neque

96 2007 174 2064 sedari
194 2006 342 2066 lamentatio
358 2020 463 2084 poterat,
485 2004 829 2065 excitantibuscenturioni

98 2089 146 2146 bus
167 2089 343 2167 manipulares,
365 2086 468 2163 &ipso
486 2084 664 2146 mulcente&
685 2089 826 2165 increpante

99 2173 210 2238 Marcio,
221 2174 283 2249 quid
296 2174 323 2228 in
335 2170 469 2230 muliebres
481 2167 614 2230 &inutiles
629 2168 656 2226 fir
667 2168 827 2248 projecissent

100 2252 288 2328 deturpantis,
315 2250 404 2328 quam·
416 2252 448 2309 ad
470 2250 589 2309 tutandos
613 2250 697 2310 semet
715 2250 782 2331 ipsos
801 2252 827 2308 δι

100 2334 228 2406 rempubl.
248 2333 337 2390 secum
358 2346 476 2391 acuerent
495 2332 605 2413 opimos,
635 2336 665 2392 δι
685 2353 720 2392 ne
739 2329 830 2392 inultm

101 2413 266 2487 imperatores
288 2411 347 2468 suos
365 2415 448 2488 iacere
465 2415 582 2472 sinerent.
633 2416 729 2493 Quum
749 2409 832 2472 subito

101 2492 198 2551 elamor
214 2493 385 2570 tubarumque
403 2493 481 2551 sonus
501 2496 575 2570 (jam
594 2495 667 2552 enim
680 2514 763 2575 prope
782 2491 833 2552 val*

100 2573 156 2631 lum
172 2573 256 2631 hones
268 2578 352 2649 etant)
369 2576 510 2634 exauditur.
527 2576 587 2634 inde
604 2575 679 2634 verso
690 2591 795 2656 repente
805 2576 832 2632 in

100 2655 167 2713 iram
182 2655 262 2718 lustu,
288 2655 424 2714 discurrere
442 2657 472 2714 ad
484 2676 569 2721 arma:
593 2675 634 2716 ¹ac
652 2657 724 2718 velut
737 2656 833 2718 aeteufi

101 2738 168 2794 rabie
180 2735 321 2795 discurrunt
336 2738 474 2817 adportas,
493 2743 521 2798 δι
536 2741 564 2796 in
578 2738 680 2799 hostem
700 2741 834 2821 negligen-

102 2833 140 2877 ter
155 2836 230 2905 atque
243 2819 418 2897 incomposite
436 2821 581 2879 venientem
597 2822 744 2884 incurmnt.
776 2827 834 2882 ‹Ex-

99 2899 351 2983 templo'impro'risa
361 2921 401 2963 res
413 2920 538 2984 pavorem
552 2904 646 2966 incutit
659 2903 749 2962 Penio
759 2925 768 2962 ε
780 2903 834 2960 mi·

300 2980 350 2993 W.
485 2981 496 2987 „
526 2984 528 2987 ,
598 2983 603 2987 .
670 2983 833 3059 ΜΨ,
