1814 3316
120 149 337 220 LIBER
377 150 505 221 XXIII.
645 180 705 247 109

59 279 153 325 terunt
170 281 278 340 corpora
295 263 452 343 animosque,
473 281 504 326 ut
517 270 601 349 magis
615 272 708 333 deinde

59 364 99 407 tae
114 364 162 403 cos
180 345 297 403 victoriae
313 343 392 422 quim
411 347 546 423 ptaesentcs
563 367 707 413 tutarentur

59 426 200 504 majusque
211 428 237 483 id
251 443 384 503 peccatum
398 429 470 487 ducis
480 434 547 509 apud
560 436 654 510 peritos
666 457 707 494 ar·

59 509 212 568 militarium
233 506 372 574 haberetur,
395 509 477 586 quim
500 512 568 590 quod
592 535 646 574 non
672 537 706 576 cx

59 591 98 649 nfi
115 591 172 649 acic
191 590 309 666 protinus
322 592 352 646 ad
369 591 459 649 urbem
474 598 625 655 Romanam
638 600 704 657 dux·

59 672 91 731 th
105 674 179 730 enim
194 671 329 729 cunciatio
340 671 457 729 distulisse
472 674 705 739 metonomiam

66 753 177 831 potuita
198 751 243 809 hic
256 769 324 808 error
340 753 405 809 vires
416 756 536 813 ademisse
552 758 582 815 ad
600 760 708 819 vinem.

86 836 185 910 tuque,
202 832 312 898 hercule,
330 832 398 892 velut
413 836 432 892 fi
449 855 511 894 cum
527 837 578 895 aiio
594 843 709 901 exercitu

59 935 97 975 tta
113 916 202 980 exiret,
228 913 292 973 nihil
316 914 424 993 usquam
442 919 554 994 ptissiuae
570 920 708 1000 disciplinae

59 1042 64 1055 .
84 1016 148 1055 narn
167 1002 196 1057 iit
209 998 338 1055 redierunt
348 997 458 1075 plerique
472 999 560 1059 scortis
571 1004 705 1081 impliciti:

69 1075 189 1157 ptimiun
202 1077 249 1135 sub
262 1076 364 1154 pellibus
376 1078 459 1137 habeti
473 1085 554 1159 coepti
564 1082 633 1149 sunt,
650 1089 704 1143 via-

59 1160 141 1220 2aliur
153 1158 268 1217 militaris
283 1158 351 1217 labor
367 1163 476 1237 excepit,
491 1165 607 1223 tironum
622 1168 706 1225 modo

60 1240 126 1299 ibus
149 1239 293 1316 animisque
310 1240 482 1301 deficiebant:
505 1248 534 1303 δι
551 1247 642 1305 deiru
660 1266 708 1323 per

70 1324 223 1383 aestivorum
241 1338 346 1397 tempus
363 1343 464 1402 magna
482 1342 538 1399 pars
556 1327 610 1384 stne
630 1346 709 1385 com-

60 1424 102 1463 ruc
122 1404 157 1464 ab
175 1404 253 1481 signis
271 1402 458 1469 dilabebantur3
476 1423 561 1481 neque
578 1406 630 1464 aliar
648 1406 708 1465 iate-

60 1482 135 1563 {uim
150 1487 248 1563 Capua,
266 1483 432 1542 desertoribus
441 1500 523 1566 eraut.

60 1570 94 1627 x.
114 1565 249 1637 Ceterum,
270 1566 419 1624 mitescente
428 1568 484 1641 jam
497 1566 593 1635 hieme,
611 1571 709 1630 edusio

60 1651 135 1708 uernis
148 1646 239 1712 milite,
255 1647 394 1705 Casilinum
407 1651 480 1708 redit.
499 1650 544 1711 ubi
557 1671 705 1731 quanquam

60 1732 209 1811 »agnatione
220 1729 340 1788 cessatum
354 1746 415 1796 etat,
436 1730 533 1789 obfidio
543 1746 631 1791 tamen
644 1754 711 1792 con·

60 1812 224 1890 aoppidmor
236 1811 428 1888 praesidiumque
439 1812 602 1872 adultimum
615 1817 714 1893 inopiae

60 1910 122 1953 etat.
151 1892 245 1952 eastris
256 1895 381 1949 Romanis
392 1893 452 1952 Tib.
464 1897 630 1971 Sempronius
643 1916 711 1972 prae·

64 1976 193 2033 dimitere
217 1971 386 2049 auspiciorum
412 1978 608 2052 repetendorum
629 1977 713 2034 caussa

60 2059 98 2115 ko
111 2061 242 2115 Romam.
281 2055 433 2132 Marcellum
447 2061 476 2114 δι
488 2055 583 2130 ipsum,
604 2059 712 2132 cupien-

61 2140 120 2197 ''etre
140 2138 263 2197 auxilium
278 2136 389 2201 obsessus,
410 2136 551 2194 Vuhurnut
572 2138 655 2195 amnis
672 2137 713 2193 in·

72 2219 156 2297 aquis,
178 2224 206 2278 &
224 2238 310 2295 preces
328 2216 492 2275 Nolanorum
511 2231 588 2296 atque
608 2220 712 2277 Acerra·

61 2320 74 2359 1
96 2300 227 2363 tenebant,
245 2301 394 2376 Campanos
412 2298 571 2365 timentium,
590 2299 611 2359 fi
630 2300 714 2379 ptaesr'·

70 2386 231 2443 Romanum
253 2380 408 2440 absceffissct.
452 2385 584 2440 Gracchus
606 2384 712 2440 assidens

61 2482 82 2521 n
103 2463 227 2529 Cafilino,
253 2465 312 2539 quia
332 2463 483 2538 pradisium
502 2478 555 2521 crat
573 2464 713 2529 distatotis,

61 2544 98 2603 ud
118 2544 221 2603 absente
244 2562 277 2600 co
303 2545 339 2601 rei
358 2558 465 2623 gereret,
494 2543 558 2601 nihii
584 2545 714 2610 movebat,

61 2644 202 2767 sitii
214 2621 717 2783 fsssi23¹¹zst²i⁰3ffists⁰i

61 2806 117 2853 am,
143 2807 198 2845 non
219 2787 351 2847 tolerantes
371 2789 482 2849 samem.
509 2727 656 2846 constibat':
687 2791 717 2845 δι

61 2872 175 2954 mermes
189 2873 218 2931 in
230 2868 407 2939 munfuuda
418 2886 526 2943 corpora
537 2868 569 2929 ad
583 2864 718 3002 miss&
