1814 3316
129 124 200 215 ,384
319 186 323 193 ,
370 121 639 196 T.LlV11

132 227 216 287 rebat.-
224 294 227 299 Ι
236 225 274 287 st,
294 239 372 300 opem
383 221 505 300 persesio,
525 222 656 300 extemplo
668 224 696 282 in
707 221 792 283 aciem
807 221 864 304 legi·

135 327 199 366 ones
212 304 343 365 educebat.
383 304 499 369 Annibal,
517 309 653 381 turmatim
664 325 709 382 per
716 309 815 384 equites
824 327 864 385 pe·

135 392 271 465 dirumque
282 384 432 464 jactiatores
441 384 511 446 leuia·
519 389 659 447 certamina
671 387 765 455 serens,
780 387 863 447 casum

136 469 260 531 universae
275 487 371 549 pugnae
390 487 444 526 non
459 469 758 543 necessaiumuuoebas.
774 472 865 528 nasius
890 498 899 507 -

136 554 174 611 est
193 567 286 625 tamen¹
302 551 374 609 adid
393 550 465 628 quod
482 550 578 609 vitabat
594 566 736 612 certamen.
784 553 865 612 Nosse

136 634 300 714 praegressum
314 651 377 690 eum
393 633 527 710 assequitur
539 632 602 692 locis
615 633 696 711 planis
710 653 741 692 ac
761 635 865 712 patenti·

138 718 186 773 bus
208 713 350 774 Marcellus.
374 715 453 774 castra
469 715 528 772 inde
552 727 704 792 ponentem,
729 715 865 796 pugnando

138 799 252 875 undique
264 799 291 855 in
308 798 458 862 munitores,
483 797 602 872 operibus
619 796 749 874 prohibet.
787 800 826 857 lta
837 797 865 854 fi-

139 899 192 960 gna
204 878 300 944 collata,
322 891 519 958 pugnatumque
530 879 592 938 totis
605 880 701 958 copiis:
729 885 769 947 δι,
789 897 867 959 quum

139 964 196 1036 jam
209 981 261 1020 nox
272 962 381 1026 instaret,
392 963 474 1019 Marte
487 979 563 1040 aequo
575 960 712 1023 discessum
723 965 780 1023 estc
787 963 868 1027 calba·

141 1045 235 1122 exiguo
253 1043 368 1117 distantia
386 1040 477 1121 spatio,
501 1047 596 1122 raptim
616 1060 676 1103 ante
689 1047 800 1104 noctem
815 1062 867 1121 per-
897 1046 903 1065 “

143 1126 253 1182 munita.
293 1124 398 1183 Postero
415 1126 456 1183 die
473 1126 531 1184 luce
551 1128 635 1204 prima
653 1126 788 1187 Marcellus
805 1129 832 1183 in
843 1145 868 1183 a·
900 1138 903 1213 j

142 1207 213 1264 ciem
225 1208 311 1285 copias
325 1207 421 1266 eduxit.
440 1227 488 1267 nec
501 1209 608 1266 Annibal
624 1209 777 1268 decrediavit
795 1222 867 1267 certa·
897 1226 901 1283 j

143 1307 215 1355 men,
236 1289 325 1349 multis
337 1289 419 1347 verbis
431 1289 577 1348 adhortatus
590 1289 693 1356 milites,
711 1307 744 1350 ut
759 1309 869 1350 memores
893 1288 900 1375 l

145 1370 279 1453 Rassmeni
295 1372 488 1450 Cannarimque
504 1375 678 1430 contunderent
693 1373 818 1451 ferociam
832 1370 867 1429 hr-
892 1380 897 1431 l

137 1454 194 1529 stis.
209 1475 296 1528 urgere
310 1469 386 1532 arque
398 1455 486 1529 instare
505 1468 572 1514 eum.
597 1474 645 1518 nm
658 1455 706 1513 iter
718 1458 812 1534 quietos
827 1451 867 1531 fc·
889 1454 897 1537 l

144 1555 207 1600 cere,
227 1555 274 1593 non
286 1536 458 1612 castrapmere
468 1540 532 1613 pati,
557 1555 604 1593 nm
624 1539 809 1615 respirarem
828 1537 867 1593 cir·
889 1540 897 1605 l

147 1619 301 1692 cumspicere.
317 1619 422 1692 quotidie
432 1617 516 1693 semul
523 1621 640 1675 arentem
646 1619 728 1694 selem
739 1617 775 1689 ὀὶ
786 1628 866 1677 Rom·

147 1714 207 1754 nam
219 1700 296 1753 aciem
307 1699 333 1752 in
346 1701 438 1774 campis
450 1698 584 1756 videndam
598 1701 649 1776 effe.
692 1703 718 1757 Si
732 1719 780 1758 um
794 1699 866 1777 prusia

147 1775 217 1836 haud
226 1781 366 1835 inruemur
377 1778 461 1844 abeat,
480 1777 584 1858 quictiln
603 1781 686 1839 demde
706 1776 867 1861 tranquilliss-

147 1880 196 1938 que
215 1881 273 1918 eum
294 1860 455 1919 relaturum.
492 1863 539 1920 His
552 1863 640 1921 irritati
649 1862 868 1925 adhortationibus

146 1941 273 2019 sumulque
291 1941 368 1999 taedio
385 1941 487 2000 ferociae
504 1941 618 2002 hostium
635 1947 751 2022 quotidie
764 1942 869 2005 instanti·
891 1934 896 1945 ’

146 2042 195 2081 um
208 2023 439 2102 lacessentiumque,
459 2014 547 2082 imiter
558 2025 682 2102 proelium
693 2028 794 2087 ineunt.
827 2028 869 2084 Pu·

148 2120 260 2185 gnatum
280 2105 502 2183 ampliusduabus
529 2105 665 2166 horis-eu
695 2109 785 2167 cedere
819 2106 871 2164 iude

146 2189 179 2246 ab
194 2190 321 2248 Romanis
334 2188 433 2246 dextera
446 2189 490 2251 ala,
517 2193 545 2248 ὃς
564 2189 753 2248 extraordinarii
769 2206 873 2266 coepere.

147 2271 226 2347 Quod
246 2271 290 2326 ubi
311 2268 443 2329 Marcellus
462 2271 534 2335 vidit,
555 2270 788 2330 duodevicesimam
800 2271 875 2349 legio·

148 2368 210 2407 nem
228 2352 254 2406 in
270 2353 381 2425 primam
394 2354 476 2409 aciem
494 2351 601 2412 inducit.
639 2357 714 2411 Dum
734 2352 873 2429 aliitrepidi

148 2433 249 2491 cedunt,
271 2431 310 2487 alii
322 2431 430 2508 segniter
440 2433 555 2497 subeunt,
568 2433 674 2492 turbata
686 2449 742 2493 tota
752 2435 818 2494 acies
829 2435 874 2491 cll:

147 2511 205 2566 dein
218 2510 318 2584 prorsus
334 2511 396 2573 fusa,
417 2517 445 2571 δε
455 2516 714 2593 vincente'pudorem
730 2531 814 2580 metu,
831 2531 874 2574 ter·

148 2609 181 2670 ga
195 2591 297 2649 dabant.
340 2592 460 2650 Cecidere
482 2597 509 2650 in
534 2616 623 2674 pugna
642 2598 756 2675 fugaque
776 2599 808 2656 ad
829 2599 875 2656 duo
890 2642 903 2651 -

150 2670 228 2729 millia
257 2675 285 2728 &
312 2671 464 2751 septingenti
489 2678 588 2734 civium
615 2677 814 2759 sociorumque:
853 2680 875 2735 iu

148 2753 187 2810 his
202 2765 309 2831 quatuor
324 2757 440 2813 Romani
453 2759 622 2825 centuriones,
639 2759 693 2819 duo
714 2761 811 2820 tribuni
832 2760 877 2818 mi·

371 2846 374 2851 ·
804 2843 875 2903 litun
