1814 3316
279 130 494 199 utu-nn
538 134 651 211 xxu.
781 160 823 225 27

84 240 198 303 badum
216 238 295 303 locati
314 258 403 309 etant,
430 243 475 302 uhi
496 246 524 303 In
553 246 664 307 summit
690 252 826 312 montibus

81 342 109 383 ac
122 323 202 402 supet
216 324 244 384 se
256 322 383 403 quosdam
396 326 469 404 ignes
488 326 682 409 conspexerunt,
711 334 825 392 circum-

80 420 175 466 uentos
187 405 216 465 se
226 406 279 465 effe
293 408 352 471 rati,
379 408 496 483 praefidio
506 412 630 471 exceffere
636 435 646 478 t
674 412 725 490 qui
746 418 827 477 mini·

79 485 124 547 me
135 488 225 547 densa
240 488 374 548 micabant
385 489 511 555 flammae,
537 492 606 551 velut
622 494 780 556 tutitiImum
802 501 825 555 i·

80 584 124 635 tu,
156 585 278 648 petentes
295 568 401 628 summa
421 574 556 631 montium
577 575 650 653 juga.
683 592 772 636 tamen
795 582 823 638 in

79 650 210 730 quostiam
224 651 313 716 boues,
334 651 433 729 pahtos
450 652 545 713 abfuit
559 656 695 734 gregibus,
725 660 824 719 incide-

77 750 150 794 runt:
189 739 220 795 δι
238 730 328 812 primu
350 752 436 810 quum
460 735 551 810 procul
573 756 717 803 cernerent,
745 742 822 800 veluti

77 816 203 876 flamtnas
216 816 371 893 spirantium
390 814 516 873 miraculo
527 820 629 875 attoniti
645 822 822 884 constiterunt.

78 896 170 958 deinde
181 912 212 957 ut
227 897 344 967 humana
360 897 475 973 apparuit
490 898 566 963 fraus,
593 914 652 957 tum
679 900 740 959 veri>
760 906 820 963 infi-

80 978 134 1045 dits
151 982 203 1039 tati
222 979 282 1044 effe,
308 997 374 1036 cum
393 978 493 1053 majore
511 999 583 1039 metu
605 984 773 1043 concitantst:
791 987 820 1045 in

78 1061 182 1140 fugam,
204 1060 256 1119 levi
269 1079 377 1138 quoque
398 1078 531 1119 armatura
551 1062 664 1121 hostium
683 1067 819 1127 incurrere.

79 1140 195 1203 ceterum
220 1161 274 1202 nox
286 1156 389 1219 aequato
405 1142 498 1201 timore
521 1160 622 1206 neutros
638 1166 756 1226 pugnam
778 1150 818 1205 in-

77 1224 202 1302 cipientes
220 1225 252 1283 ad
271 1224 358 1283 lucem
381 1225 486 1284 tenuit:
528 1229 625 1285 Interea
639 1243 698 1285 toto
712 1232 819 1307 agmine

79 1306 188 1366 Annibal
201 1306 323 1364 nadutto
333 1324 379 1381 ptr
392 1304 494 1371 saltum,
514 1311 540 1365 &
554 1307 705 1385 quibusdam
728 1312 755 1366 in
778 1313 818 1387 ip·

80 1384 188 1447 sesan
197 1387 312 1450 hostium
326 1386 460 1464 uppreffis,
479 1388 507 1443 in
518 1406 582 1466 agro
604 1389 715 1447 Allifano
732 1390 818 1465 posuit

80 1469 171 1530 castra.

119 1553 226 1611 XVIII.
243 1555 322 1611 Hunc
333 1546 479 1609 tumultum
491 1549 566 1610 sensit
577 1552 679 1611 Fabius:
700 1549 815 1613 cetenim

80 1633 228 1693 &Infidias
247 1633 296 1692 effe
317 1645 396 1697 ratus,
421 1634 449 1691 Ic
473 1632 505 1689 ab
520 1635 651 1691 nocturno
667 1636 756 1713 utique
771 1634 816 1693 ab·

78 1713 340 1779 nortmanniae,
358 1714 416 1772 suot
428 1716 599 1775 munimentis
612 1718 703 1775 tenuit.
743 1722 814 1775 Lucc

76 1799 159 1873 prima
170 1796 218 1855 sub
237 1798 307 1877 jugo'
319 1796 419 1853 montis
433 1796 556 1873 proelium
571 1796 635 1862 fuitt
662 1817 718 1874 quo
735 1794 821 1855 inter-'

77 1878 169 1939 clusam
178 1876 271 1938 abfuit
287 1876 372 1935 levem
385 1890 543 1936 armaturam
556 1876 629 1937 faciit
642 1880 750 1950 (etenim
764 1898 813 1937 nu·

77 1978 151 2019 tuero
165 1961 328 2039 aliquantum
347 1958 507 2033 praestabant)
523 1961 638 2017 Romani
652 1960 815 2036 superiffcnt,

79 2043 315 2119 nuutpauorum
327 2039 430 2105 cohors,
451 2040 483 2097 ad
503 2040 529 2097 id
548 2040 634 2117 ipsum
658 2041 759 2097 remiffa
781 2040 813 2097 ab

80 2122 208 2189 Annibale,
226 2121 389 2201 perveniss'et.
405 2141 435 2179 ea
447 2120 565 2178 affuetior
579 2118 721 2182 montibus,
742 2122 770 2177 &
782 2119 814 2177 ad

79 2205 286 2265 concursandum
298 2203 432 2263 interstite
444 2201 568 2279 rupesque
580 2200 665 2277 aptior
676 2218 706 2257 ae
726 2198 815 2266 levior,

78 2304 139 2347 tum
152 2287 291 2348 uelocitate
308 2303 459 2362 corporum,
484 2298 542 2342 tum
560 2300 694 2341 armorum
715 2280 813 2346 habitu,

78 2372 250 2446 campestrem
273 2367 386 2431 hostem,
409 2382 516 2445 gravem
535 2366 613 2422 annis
631 2364 814 2439 statariumque

78 2470 172 2531 pugnae
184 2468 281 2532 genere
292 2444 365 2507 facit&
377 2447 459 2508 elusit.
498 2448 537 2504 Ita
548 2446 747 2523 lnudquaquam
767 2464 814 2519 pa-

80 2534 101 2589 ti
118 2534 263 2594 certamine
283 2528 393 2608 digreffi‚
420 2526 526 2605 HIspani
544 2526 596 2585 fue
608 2545 701 2583 omncs
715 2525 815 2583 incolu-

80 2634 146 2681 met,
165 2612 287 2675 Rotnani
299 2611 395 2689 aliquot
415 2608 464 2669 suis
484 2607 589 2672 missu,
614 2609 641 2664 in
657 2608 734 2665 eastra
750 2622 816 2663 con-

82 2699 226 2758 tenderunt.
272 2693 363 2756 Fabius
380 2710 485 2770 quoque
506 2689 593 2747 mouit
617 2689 707 2746 castrat
737 2684 816 2744 trans-

86 2780 227 2859 grtffitinue
239 2776 332 2838 snitum
344 2772 417 2854 supet
430 2770 515 2834 Allitas
527 2769 587 2831 loco
598 2770 649 2830 alto
662 2790 693 2830 ac
711 2765 817 2825 munito

84 2861 206 2925 consedit.
247 2857 526 2936 Tumpetsamnium
542 2858 662 2915 Romam
685 2848 711 2909 se
733 2858 818 2919 petere

430 2940 480 2997 132
699 2918 829 2989 innuant
