1814 3316
252 175 461 243 LIBER
494 172 624 242 XXIV.
741 176 799 244 t8t

76 289 105 345 ze
116 280 164 341 elia
175 298 237 357 quae
246 294 354 357 poterat,
371 298 479 357 quaeque
488 294 635 356 opportuna
644 288 724 341 erant,
745 295 808 353 prae-

76 364 144 423 iidiit
156 363 281 421 firmlrat.
318 358 449 437 Hexapylo
462 360 613 419 Theodotus
624 378 653 417 ac
669 359 735 416 Sosrs
750 360 812 435 post

76 444 133 504 solis
145 442 270 503 occasum
283 444 340 518 jum
353 440 459 500 obscura
469 442 525 500 luce
537 442 642 505 invecti,
654 459 738 518 quum
752 460 811 499 cru-

77 541 169 587 entam
182 526 283 604 regiam
296 525 392 582 vestem
410 536 487 600 atque
503 524 600 602 insigne
618 524 707 599 capitis
725 524 811 581 osten-

77 622 170 671 tarent,
189 606 299 665 travecti
319 624 363 681 per
379 605 509 681 Tycham,
527 603 605 661 fimul
622 604 653 660 ad
668 603 812 662 libertatem

78 688 158 749 limul
176 686 210 745 ad
230 705 304 745 arma
321 702 450 750 vocantes,
479 688 507 743 in
526 685 697 744 Achradinam
718 704 813 742 eonve-

79 773 136 830 nite
156 768 256 843 jubent.
305 767 453 832 Multitudo,
480 786 538 842 pars
560 768 687 844 procurrit
705 766 733 821 in
751 769 814 835 viat,

79 870 141 931 pars
157 853 185 907 in
203 849 301 907 adium
320 848 447 906 vestibulis
461 850 518 911 ilat,
537 868 593 925 pars
608 866 640 904 ex
652 846 728 904 testie
741 848 815 906 lene·

82 932 188 1009 strisque
198 929 370 1008 prospectant,
383 935 421 993 δι,
432 930 494 1006 quid
506 932 542 987 rei
554 932 594 994 fit,
605 933 727 1008 rogitant.
743 937 815 989 Om-

82 1016 128 1073 nia
139 1012 278 1070 luminibus
288 1010 425 1076 collucent,
435 1013 589 1089 strepituque
598 1014 670 1069 vario
680 1012 817 1090 complen-

81 1110 135 1155 tur.
153 1094 245 1153 armati
259 1092 323 1151 locis
332 1092 475 1168 patentibus
489 1108 687 1173 congregantur.
703 1095 817 1153 inerma

82 1196 116 1235 ex
128 1175 249 1253 Olympii
264 1176 337 1253 Jovis
353 1173 451 1249 templo
471 1173 549 1251 spolia
562 1173 697 1234 Gallorum
716 1175 816 1255 lllyrio-

81 1276 207 1337 rumquo
224 1256 297 1312 dono
308 1256 364 1313 data
377 1256 483 1314 Hieroni
496 1255 510 1313 ὲ
522 1255 619 1334 populo
632 1260 757 1315 Romano
768 1260 819 1317 fix·

84 1358 152 1417 aque
165 1336 198 1396 ab
217 1354 259 1401 oo,
279 1336 427 1401 detnaltunt3
447 1351 579 1413 precantes
597 1340 703 1415 jovem,
724 1352 754 1397 ut
769 1358 818 1396 vo·

82 1420 138 1480 lens
157 1418 284 1497 propitius
302 1418 412 1493 praebeat
424 1417 492 1475 sacra
510 1436 584 1477 arma
601 1419 751 1494 purpuria,
770 1440 821 1497 pro

84 1500 177 1562 Delrm
188 1498 308 1565 delubris,
317 1520 367 1577 pro
379 1499 491 1557 libertate
503 1499 553 1558 sese
565 1500 730 1560 armantibus.
755 1506 818 1561 Haec

86 1600 193 1661 qnoque
207 1582 348 1639 multitudo
363 1581 519 1647 fladonibus,
536 1600 581 1659 per
597 1584 722 1659 principes
735 1586 821 1663 regio-

87 1684 156 1723 nnnr
176 1664 248 1721 urbis
264 1662 398 1739 dispntitis,
413 1664 572 1743 adjungitur.
610 1667 641 1722 ln
658 1663 739 1723 Insula
755 1668 821 1726 inter

88 1762 174 1805 cetera
190 1746 388 1803 Andranodorus
401 1746 519 1821 praesrdiis
537 1746 623 1805 fumat
637 1746 726 1805 horrca
738 1748 822 1823 publi·

89 1848 128 1888 ca.
169 1832 259 1887 Locus
278 1827 339 1885 taxo
358 1828 484 1906 quadrato
498 1828 592 1904 septus,
617 1841 693 1904 atque
711 1831 775 1887 arcis
793 1832 824 1889 in

90 1909 205 1969 modum
218 1912 352 1967 emunitus
369 1910 467 1984 capitur
481 1909 513 1969 ab
526 1911 672 1984 juventute,
690 1930 749 1987 quae
758 1931 823 1987 prae-

90 1992 156 2051 stdlo
172 1993 231 2065 ejus
250 1988 300 2049 loci
314 1990 434 2051 attributa
445 2004 515 2050 crat:
540 1992 698 2069 mittuntque
716 1995 825 2051 nuncios

92 2074 120 2133 in
137 2072 333 2141 Achrulinam5
353 2072 444 2131 horrea
461 2073 675 2149 fi'umentumque
687 2074 715 2129 in
726 2073 825 2134 senatur

90 2156 217 2232 potestate
228 2153 288 2215 effi.

133 2238 226 2294 xxti.
246 2241 319 2295 Luce
336 2235 421 2311 prima
433 2234 544 2312 populus
560 2236 649 2294 omnis
658 2250 771 2295 armatus
783 2239 825 2296 in-

92 2316 222 2394 ermisque
241 2318 269 2375 in
290 2316 461 2377 Achradinam
479 2319 510 2375 td
526 2320 625 2377 curiam
643 2322 774 2380 convenit.
791 2321 831 2378 ibi

92 2415 145 2475 pro
158 2398 312 2457 Concordia
332 2417 380 2461 nra,
399 2418 458 2475 quae
474 2401 503 2457 in
520 2420 555 2459 en
569 2402 616 2459 sna
633 2400 693 2459 loco
713 2420 774 2467 nat,
792 2421 825 2463 ex

97 2480 254 2555 principuus
267 2499 334 2539 unus
353 2480 462 2538 nomine
478 2480 612 2561 Polyaenus
627 2484 782 2542 concionem
796 2490 826 2545 δι

97 2558 202 2621 liberam
212 2566 241 2621 δι
255 2562 416 2621 moderatam
428 2561 533 2624 habuit:
547 2567 710 2623 Servltadim's
720 2569 828 2642 indigni·

97 2642 207 2723 rat'qquo
225 2642 334 2702 homitias
351 2658 468 2721 expertas,
493 2646 613 2722 adversus
627 2662 714 2703 netum
728 2650 827 2705 malum

95 2724 206 2783 &titum
217 2726 268 2801 effi.
307 2726 433 2801 Discordia
441 2728 524 2791 >civilis
538 2748 601 2807 quas
614 2730 727 2807 importet
738 2730 828 2793 clades,

96 2802 190 2889 udiffi
204 2808 284 2881 magis
304 2802 325 2864 al
339 2807 453 2885 patribus
476 2810 645 2889 &recusante
670 2808 754 2887 quiam
770 2812 830 2887 ipsos

95 2886 191 2969 vldtffi,
229 2896 314 2953 Ama
325 2889 391 2970 quld
400 2892 502 2967 impigra
513 2894 627 2971 reperiit,
642 2892 753 2951 laudm·
772 2908 828 2983 m?

804 2989 843 3044 gn
