1814 3316
182 252 187 259 Ι
233 166 449 263 LIBER
490 166 619 235 XXlll.
750 190 807 255 113

63 292 118 336 um
136 276 255 354 seeepit.
300 276 423 334 Comelio
435 280 463 334 in
480 280 590 336 Sardinia
609 274 723 340 civitates
734 279 811 337 sociae

63 352 171 439 migne
193 354 375 417 coutulerunt.
414 364 449 418 Et
464 364 685 439 Romaequuque,
705 378 813 440 psopter

62 442 201 499 munium
214 441 328 519 argenti,
346 440 472 497 triumviri
483 440 598 499 mensarii
612 448 745 522 rogatione
756 446 812 501 Mi·

62 524 125 581 ueii
140 521 211 581 trib.
226 519 297 597 pleb.
312 520 383 584 fasti,
403 526 434 579 L.
445 522 564 581 AEmilius
577 528 668 601 Papus,
687 528 733 603 qui
745 544 811 583 con·

62 601 86 661 'sl
107 602 268 679 oeusnrque
286 601 383 666 fuerats
403 607 430 661 δι
454 608 491 662 M.
512 605 601 663 Atilius
621 610 745 686 Regulus,
763 607 810 683 qui

62 685 91 743 is
105 683 211 744 consul
226 682 326 748 ftsents
349 687 378 742 &
393 688 423 742 L.
436 683 582 743 Scribonius
597 686 671 751 Libo,
711 690 737 745 ui
750 705 810 746 tum

62 766 183 825 ribunus
196 762 270 842 pleb.
288 779 350 823 erat.
389 769 423 825 Et
439 766 571 825 duumviri
580 770 666 833 creati,
718 774 763 828 .&
777 771 814 826 C.

61 848 142 913 ltilii,
167 847 257 904 aedem
279 844 441 910 eoncordia,
467 866 547 924 quam
568 854 599 906 L.
619 849 728 907 Manlius
745 868 813 926 ptae·

61 948 101 987 ot·
119 942 248 991 vovetat,
265 927 455 987 dedicaverunt.
494 935 592 990 uteres
605 931 741 1005 pontifices
757 950 813 988 cre·

61 1012 101 1077 ti,
127 1014 171 1087 Q.
185 1007 308 1067 Caesilius
326 1006 449 1073 Metellus,
470 1015 507 1089 Q
520 1008 608 1068 Fabius
622 1014 761 1076 Maximus,
781 1016 810 1071 &

61 1090 231 1171 LFuisius
245 1088 360 1155 Flaccus,
380 1091 408 1147 in
422 1091 509 1149 locum
530 1095 560 1150 P.
573 1094 694 1157 Scantinii
706 1094 813 1151 detnos·

61 1174 110 1240 ssi.
133 1177 167 1233 &
183 1176 219 1230 1..
232 1170 335 1228 AEtnilii
348 1170 426 1228 Paulli
438 1171 556 1237 consulis,
577 1178 605 1233 &
626 1178 661 1249 Q.
676 1176 735 1233 AElii
752 1179 811 1233 Pae·

61 1254 327 1406 '’iiniffloiiii
336 1254 676 1413 pieissncaiiiniintnuu
703 1337 815 1395 cudibus

60 1413 177 1475 fonuna
191 1416 332 1479 minuerat,
348 1430 475 1492 quantum
491 1416 600 1474 consiliis
617 1416 738 1473 humanis
753 1417 815 1473 affe·

60 1500 110 1575 qui
123 1511 263 1573 poterant,
284 1499 368 1554 Patres
379 1498 532 1575 explsffents
554 1498 658 1556 tandem
674 1498 699 1555 se
712 1516 816 1575 quoque

60 1581 92 1637 δι
122 1578 297 1637 solitudinem
319 1578 405 1642 sutiae,
430 1581 636 1657 paucitatemque
658 1581 815 1639 couvenien-

60 1663 138 1720 tium
154 1660 188 1717 ad
200 1657 336 1737 publicum
353 1660 491 1717 concilium
503 1660 671 1738 respexerunt.
689 1682 772 1740 neque
788 1680 816 1718 e·

60 1744 127 1801 nim
150 1742 215 1819 post
234 1744 266 1799 t..
278 1738 416 1797 AEmilium
438 1745 466 1800 &
483 1744 517 1799 C.
530 1742 686 1801 Flaminium
701 1743 816 1802 censores

62 1824 179 1883 senatus
195 1820 280 1883 uetus
293 1821 384 1884 fuerat,
401 1842 483 1899 quum
496 1836 599 1882 tantum
615 1824 760 1883 senatorum
772 1826 818 1882 ad-

59 1904 150 1964 vessae
163 1922 279 1981 pugnae,
298 1902 329 1959 ud
345 1901 397 1960 hoc
409 1903 446 1961 sui
458 1924 589 1983 quemque
599 1906 668 1964 casus
682 1926 727 1983 per
742 1908 820 1982 quiu-

64 1986 226 2065 quenuium
242 1983 441 2061 absumpsissent.
466 1990 572 2057 ,Quum
587 1988 618 2044 de
632 2006 661 2045 ea
672 2007 700 2045 re
715 1987 822 2045 Manius

64 2067 242 2145 Pomponius
253 2082 357 2140 pratos.
375 2066 498 2125 dislatose
511 2069 570 2141 post
585 2066 727 2123 Casilinum
742 2064 819 2121 amis·

68 2146 134 2207 sum
155 2146 280 2225 profesto
295 2147 361 2219 ‚jam
386 2148 417 2204 ad
445 2150 597 2207 exercitum,
626 2144 821 2221 exposcentibus

69 2230 190 2292 tunsiis,
213 2226 347 2291 retulisset,
369 2242 429 2285 tum
442 2232 485 2303 Sp.
500 2227 632 2291 Carvilius,
649 2244 732 2303 quum
745 2225 824 2306 longa

72 2312 197 2369 oratione
214 2328 271 2366 uon
284 2304 367 2365 solum
380 2310 505 2384 inopiam,
519 2308 559 2367 sed
573 2309 727 2385 paucitatem
740 2310 820 2367 etiam

75 2392 190 2453 sisium,
215 2408 248 2448 ex
271 2389 365 2467 quibus
386 2392 413 2445 in
437 2394 521 2447 Patres
539 2390 687 2469 legerentur,
707 2408 823 2467 conque·

80 2472 137 2528 llus
152 2470 224 2527 esset:
246 2470 363 2547 explendi
377 2471 474 2527 senatus
489 2473 578 2537 cauili,
600 2478 627 2531 ὅ(
643 2474 768 2550 jungendi
782 2490 823 2528 ar·

85 2544 154 2609 &iis
172 2552 255 2609 Latini
274 2552 402 2613 nominis,
422 2569 470 2626 pro
484 2571 581 2631 magna
598 2570 625 2608 te
638 2551 737 2611 suadere
750 2553 823 2613 dixit,

86 2645 117 2688 ut
136 2648 170 2687 ex
186 2630 292 2711 lingulis
311 2631 411 2709 populis
433 2635 596 2697 Latinorum,
621 2632 686 2689 binis
703 2632 823 2689 senatori·

87 2710 145 2775 bus,
165 2710 184 2767 ii
202 2716 289 2772 Patres
304 2715 418 2769 Romani
435 2714 593 2777 censuissent,
613 2714 699 2771 civitas
712 2714 823 2775 dantum

85 2792 203 2870 usquein
221 2796 422 2852 demortuorum
440 2794 528 2851 locum
545 2796 571 2851 in
584 2794 700 2851 senatum
711 2792 825 2871 legeren-

87 2886 135 2933 tut.
174 2878 245 2937 uun
272 2872 424 2935 sententiam
451 2874 518 2934 haud
546 2874 700 2953 aequioribus
723 2872 830 3005 aninpis.

747 2965 832 3028 qum
