1814 3316
118 184 179 249 314
331 160 596 228 murum

113 279 190 336 filius,
207 288 315 352 quatuor
328 280 356 335 dc
373 274 465 352 viginti
479 272 561 330 ferme
579 289 659 329 annos
679 284 776 337 natus.
773 293 838 353 pro·

113 352 189 415 fessus
203 358 228 415 se
243 374 335 435 petere,
366 358 391 413 in
409 355 535 433 superiore
547 354 614 413 unde
631 354 745 449 conspici
757 359 839 449 puiset

113 432 172 496 loco
188 441 310 497 constitit.
358 440 388 495 ln
412 457 490 515 quem
510 436 645 514 postquam
658 439 783 496 omnium
795 444 838 497 ora
860 451 865 463 '

112 521 231 579 conversa
242 520 308 583 sunt.
327 520 438 578 clamore
450 539 479 577 ac
491 517 578 576 favore
590 520 836 615 ominatiextemplo

110 601 169 671 sunt
181 603 241 661 felix
253 602 436 679 faustumque
430 601 577 677 imperium.
601 599 662 675 juffi
673 600 785 658 deinde
777 602 838 661 inire
866 664 869 669 ,

110 683 248 742 confusum
261 682 419 763 suffragium,
441 682 472 740 ad
486 701 569 738 unum
587 699 689 747 omnes,
708 701 764 740 non
778 702 836 742 ceo·

108 768 179 821 turiae
192 764 280 830 modo,
301 764 342 823 sed
353 782 431 825 ettam
440 762 568 828 homines
585 766 614 821 P.
626 765 762 840 Scipioni
754 785 835 843 tmpe-

107 848 176 904 rium
190 847 257 904 effe'
250 865 277 903 ru
288 845 407 922 Hispania
421 844 554 920 jusserunt
572 841 695 903 Ceterum
708 848 767 923 post
778 867 833 906 rem

106 931 201 992 astam,
224 943 254 986 ur
265 930 319 1002 jam
333 928 473 985 resederat'
465 940 577 1003 impetus
590 927 740 985 animorum
750 930 832 987 ardor·

62 1012 66 1019 '
105 1010 209 1085 que,1s
210 1010 317 1066 lentium
335 1007 418 1067 subitd
437 1021 535 1070 ortum.
566 1010 711 1067 &tacita
703 1011 832 1088 cogitatio,

102 1091 226 1164 quidnam
245 1089 351 1183 egiffent
369 1090 440 1153 novi,
464 1087 533 1165 qudd
554 1089 628 1147 favor
645 1090 700 1165 plus
722 1091 831 1151 valuiss'et

102 1190 182 1246 quam
208 1173 287 1236 ιιιίο,
329 1173 407 1231 aetatis
438 1166 555 1228 maxime
582 1173 738 1247 poenitebat.
777 1173 831 1250 qui·

102 1253 165 1310 dam
177 1253 307 1312 fortunam
318 1256 397 1311 etiam
416 1254 511 1311 domus
523 1252 668 1316 horrebant,
685 1273 830 1332 nomenque
843 1260 846 1265 “

102 1353 135 1393 ex
148 1335 251 1395 funestis
263 1334 360 1395 duabus
376 1335 503 1393 familiis
495 1353 523 1391 m
541 1353 583 1393 ers
602 1335 761 1409 provincias,
789 1335 828 1393 ubi

99 1417 167 1474 inter
178 1416 312 1494 stpulchra
328 1418 406 1494 patris
418 1417 550 1494 patruique
560 1434 599 1474 res
616 1417 734 1493 gerendae
744 1417 829 1483 essent,

98 1499 290 1585 proficiscentis.

78 1612 81 1619 ·
139 1583 216 1637 XIX.
235 1585 323 1657 Qum
336 1578 378 1635 ubi
392 1578 423 1635 ab
437 1599 465 1636 re
479 1593 551 1639 tanto
563 1581 661 1655 impetu
671 1579 729 1637 adia
738 1578 826 1639 sollici·

97 1661 214 1717 tudinem
229 1678 368 1736 curamque
379 1658 520 1719 hominum
534 1661 729 1726 animadvertit,
749 1662 826 1719 advo·

96 1758 152 1799 cata
165 1743 299 1807 concione,
317 1744 352 1799 ita
366 1742 398 1798 de
409 1757 482 1800 aetate
493 1741 578 1805 sua,
571 1743 731 1818 imperioque
753 1762 825 1801 man·

95 1824 164 1889 dato,
185 1823 290 1883 &bello
304 1824 374 1899 quod
391 1825 531 1902 gerendum
543 1824 611 1885 effet
633 1841 731 1900 magno
749 1824 825 1883 elato'·

94 1923 145 1980 que
159 1908 250 1963 animo
264 1905 387 1962 differuit:
410 1921 440 1963 ut
452 1906 567 1963 ardorem
581 1923 652 1968 eom,
670 1923 715 1979 qur
708 1905 824 1963 'restde-

93 2003 140 2051 rat,
160 1991 278 2047 excitaret
291 1986 382 2048 rursus,
401 2002 571 2063 novaretque,
598 1984 758 2063 &impleret
776 1986 822 2044 ho-

94 2072 178 2127 minet
193 2070 306 2128 certioris
319 2068 379 2162 ipei
397 2067 478 2144 quam
490 2080 613 2144 quantam
629 2062 691 2123 fides
704 2068 822 2143 promiffr

93 2152 209 2214 humani,
232 2170 275 2209 aot
288 2154 353 2208 ratio
365 2168 397 2207 ex
412 2151 503 2208 fiducia
517 2166 602 2205 rerum
619 2146 742 2220 subjicere
752 2147 822 2209 solet.

90 2234 201 2290 Fuir1em
204 2253 233 2289 m
239 2234 334 2307 Scipio
344 2250 398 2289 non
415 2232 481 2289 veris
498 2223 598 2289 tantdm
619 2228 756 2289 virtutibus
770 2229 821 2288 mi·

89 2313 181 2376 rabilis,
198 2314 239 2370 sed
256 2328 422 2388 artequoque
436 2312 545 2389 quadam
565 2309 623 2369 ab
614 2324 722 2384 juventa
742 2312 770 2371 io
788 2330 819 2369 o·

88 2395 270 2451 stentationem
291 2411 379 2450 earum
402 2392 575 2470 composrtus:
606 2391 725 2469 pleraque
751 2392 818 2469 apud

87 2475 291 2545 multitudinem,
312 2489 356 2530 aut
372 2493 416 2550 per
428 2477 565 2532 nodturoas
579 2471 630 2529 visa
643 2469 710 2550 spe'
687 2492 748 2539 cres,
773 2489 818 2533 aut

86 2556 155 2615 velut
166 2556 242 2615 divini
246 2570 293 2619 tus,
315 2570 402 2611 mente
418 2557 527 2618 monita,
544 2572 637 2646 agens:
659 2556 713 2612 srve
724 2560 754 2615 δι
767 2553 818 2633 ipse

84 2642 152 2714 capti
171 2638 281 2714 qondam
303 2636 474 2713 superstitione
490 2637 578 2699 animi,
600 2636 651 2693 five
666 2650 695 2695 ut
708 2637 817 2713 imperia

83 2719 246 2794 contritaque
265 2716 333 2776 veut
345 2718 413 2777 sorte
425 2716 517 2774 oraculi
532 2714 614 2781 miffa,
634 2706 687 2775 ime
707 2720 815 2777 cundia·

83 2804 152 2859 tione
169 2800 343 2877 adsequeretur.
387 2798 426 2855 Ad
451 2797 535 2855 huc
526 2818 584 2869 Jam
606 2800 665 2857 inde
685 2798 749 2855 ab
740 2800 816 2859 mitio

79 2883 342 2960 praeparamentum,
362 2898 393 2939 ex
404 2898 459 2958 quo
473 2894 563 2959 togam
578 2878 676 2939 virilem
694 2878 815 3017 sumpsrlt.

743 2980 814 3019 nuo
846 3002 851 3007 -
