1814 3316
196 172 213 234 4
376 140 651 211 univi-1

189 278 236 317 um
252 256 395 315 vacationes
414 253 469 312 suaa
490 255 597 332 quisque
614 253 724 332 populus
743 259 867 323 reciruerr

179 340 244 404 llius,
265 357 349 417 quum
360 341 387 395 in
401 338 471 395 ltalia
486 337 565 395 hostis
580 339 650 401 effet,
674 356 770 415 praeter
784 345 867 402 Am.

171 440 198 479 m
211 418 412 497 Ostiensemque,
431 419 530 477 vacatio
537 417 668 478 obsmrma
679 423 727 480 est.
746 426 775 482 bc
783 442 866 482 earum

163 501 299 560 ›loniarum
312 503 425 576 juniores
436 500 601 575 jurejurando
613 502 707 567 adacei,
732 502 809 579 supra
820 507 868 564 dies

156 583 246 662 riginta
258 602 312 640 non
319 583 512 660 pernoctaturos
523 581 549 639 se
562 581 795 643 effeextra‘moeoia
801 587 869 645 colo·

148 666 193 723 niae
202 664 260 730 suat,
271 666 355 723 donce
366 664 445 721 bostis
456 663 559 721 initalia
566 664 634 722 effer.
674 669 769 738 Quurn
779 686 869 727 omnes

142 745 280 811 amarent,
296 747 384 822 primo
396 763 500 821 quoque
513 760 633 820 ternpore
650 744 796 806 contidibus
810 768 870 808 euu-

143 829 208 886 dum
229 828 261 885 ad
276 825 379 893 belum,
400 829 473 898 (nam
493 830 522 883 δι
537 826 666 887 Asdrubali
682 831 869 889 occurrendum

142 911 192 968 esse
211 909 370 968 descendenti
387 908 420 965 ab
439 906 552 983 Alpibus,
580 926 614 965 ne
624 907 713 968 Gallos
722 909 872 988 Cisalpinos.

144 1010 209 1049 uere
222 992 350 1050 Etruriam
365 990 478 1047 alestam
503 988 529 1044 in
548 988 620 1063 spem
642 1008 730 1047 rerum
745 1009 867 1050 novarum

142 1071 294 1131 sollicitaret:
315 1075 343 1130 dt
358 1070 506 1127 Annibalem
514 1068 561 1126 suo
572 1071 677 1146 proprio
688 1074 867 1149 occupandum

142 1152 215 1217 bello,
234 1172 268 1210 ne
281 1169 412 1231 emergere
429 1169 461 1209 ex
475 1151 577 1208 bruttiis
591 1167 667 1229 atque
680 1152 784 1212 obviam
797 1154 868 1212 fiatri

142 1236 179 1292 ire
190 1235 281 1312 posset)
288 1234 375 1294 Livius
387 1231 560 1296 cornabatu,
568 1244 660 1306 parum
672 1233 755 1292 fidene
766 1235 867 1295 suarum

143 1319 334 1392 provinciarum
358 1315 521 1373 exercitibus:
559 1312 684 1392 collegam
713 1334 746 1373 ex
772 1317 868 1377 duobus

142 1396 312 1457 consularibus
324 1398 433 1476 egregiis
444 1393 600 1455 exercitibus,
619 1400 646 1453 ὃ(
663 1398 747 1460 tertio,
774 1400 817 1456 cui
834 1403 869 1476 Q.

141 1480 264 1537 Claudius
285 1478 388 1541 Tarenti
400 1477 516 1554 praeder,
544 1476 697 1533 eledtionem
711 1477 812 1538 babere.
827 1481 866 1536 in·

141 1560 280 1635 tuleratque
297 1562 459 1617 mentionem
479 1560 512 1617 de
525 1556 657 1614 volonibus
669 1562 819 1618 revocandis
837 1561 867 1619 ad

142 1641 220 1716 signa.
263 1642 369 1695 Senatus
379 1638 483 1697 liberam
502 1642 653 1714 potestatem
668 1639 813 1699 consulibus
829 1641 866 1698 se·

142 1722 179 1779 cit
195 1724 223 1779 be
235 1718 363 1798 supplmdi
376 1720 442 1778 unde
456 1717 555 1784 vellent,
575 1724 602 1778 δι
616 1719 725 1799 eligendi
738 1722 771 1779 de
781 1724 867 1782 omni·

142 1803 190 1862 bus
206 1801 371 1861 excercitibus
389 1822 457 1878 quoa
473 1801 571 1866 vellent,
588 1803 815 1881 permutandiquer
838 1808 862 1863 dt

142 1905 174 1943 ex
199 1886 352 1961 provinciis,
379 1903 446 1961 quos
463 1881 479 1942 ὲ
501 1882 626 1960 republica
650 1884 779 1943 censerent
806 1884 853 1943 effe

141 1966 295 2027 traducendi.
341 1970 377 2025 Ea
405 1966 495 2023 omnia
520 1982 581 2023 curn
606 1965 710 2022 summa
733 1968 845 2024 concord

141 2048 278 2108 consulum
290 2049 357 2107 adia.
394 2048 507 2104 Volones
519 2047 545 2104 in
561 2046 780 2104 undevicefimam
791 2053 838 2107 &r

142 2131 266 2188 eefirnam
282 2129 393 2209 legiones
410 2130 502 2207 scripti.
551 2128 641 2204 Magni
662 2129 762 2187 roboris
782 2148 830 2187 aux

140 2231 173 2268 ex
186 2211 305 2289 Hispania
317 2231 421 2289 quoque
433 2211 448 2269 ὲ
469 2216 498 2269 P.
509 2211 627 2285 Scipione
648 2213 688 2267 M.
703 2211 779 2267 Livio
796 2230 823 2267 m

140 2293 246 2367 quidam
268 2295 299 2351 ad
320 2296 345 2351 id
367 2292 460 2351 bellum
483 2295 600 2352 nudiores
619 2289 688 2347 su‘tnt:
712 2294 815 2349 onom

139 2371 310 2447 Hispanorum
318 2374 511 2451 Gallorumque,
530 2379 557 2434 δι
570 2373 623 2430 duo
636 2370 714 2429 millia
725 2374 757 2429 de
770 2372 808 2452 leg

139 2453 270 2511 militum:
293 2456 410 2530 equitum
432 2455 463 2511 ad
483 2455 552 2513 mille
572 2456 746 2532 ostingentos,
772 2474 799 2511 m

139 2533 269 2596 Numidas
282 2534 465 2612 Hispanosque.
502 2541 542 2594 M.
557 2538 708 2595 Lucretium
724 2535 793 2594 har<

138 2617 245 2676 navibus
264 2617 399 2683 adduxiffe,
433 2622 461 2676 dc
482 2615 670 2694 sagittariorum
690 2616 785 2675 fundit<

136 2718 188 2777 que
194 2699 225 2755 ad
232 2709 340 2774 quatuor
347 2698 427 2755 millia
436 2718 468 2757 eu
475 2697 558 2757 Sicilia
567 2701 600 2755 C.
609 2698 756 2757 Mamilium
767 2721 777 2757 r

176 2782 310 2838 XXXIX.
329 2781 462 2840 Auxerunt
476 2785 571 2838 Roma
584 2779 730 2839 tumultum
743 2781 770 2839 lit

136 2860 218 2925 Galo
236 2859 312 2921 allice
326 2857 359 2917 ab
381 2865 413 2943 l..
429 2864 522 2947 Porcio
542 2875 664 2944 pratorer
699 2864 762 2943 Afdr

128 2994 184 3099 A
