1814 3316
94 130 156 217 418
306 135 360 202 T.
397 139 428 204 L
451 140 465 204 1
486 141 517 207 V
541 142 553 207 l
574 143 601 206 l

92 248 227 322 ingenium
244 249 378 307 moderato
389 254 416 308 be
429 249 547 326 prudenti
558 249 614 306 viro
631 249 758 326 adjunsto
772 248 824 309 col·

92 331 149 409 lega
164 329 306 390 censebant.
344 336 384 390 M
402 331 490 389 Livius
506 346 558 390 erar
576 329 664 390 multia
683 334 825 391 antrannis

95 431 128 469 ex
138 409 267 470 consulatu
277 412 365 489 populi
382 413 480 488 judicio
491 413 635 471 damnatus.
655 433 737 491 quam
750 416 822 493 igno·

94 492 205 549 miniam
218 494 281 551 adeo
295 513 363 572 aegre
375 494 473 560 tulerat,
504 509 534 552 ut
547 498 575 553 bc
591 513 635 552 rus
650 498 780 574 migraret,
799 499 825 554 ba

94 592 140 649 per
160 573 257 633 multos
274 594 354 633 annos
371 581 400 634 bc
421 576 482 634 urbe
503 580 530 635 &
548 576 625 632 omni
646 595 719 635 coetu
735 588 829 635 careret

94 653 247 716 hominum.
264 659 360 716 oetaeo
378 657 460 715 ferme
476 658 532 732 'post
548 657 743 729 damnationem
758 674 827 718 anno
859 718 865 724 ⁸

55 782 63 795 .
96 740 137 796 M.
150 738 270 797 Claudius
283 738 454 799 Marcellus&
466 722 625 796 M.Valerius
634 741 753 798 Laevinur
767 756 827 798 con-

96 816 160 876 sules
171 822 321 878 reduxerant
334 840 396 878 eum
408 822 434 877 in
447 818 547 877 urbem.
571 819 612 876 sed
624 834 677 879 erat
698 822 767 879 velle
781 820 826 877 ob·

96 899 180 965 soleta,
199 904 337 978 capilloque
356 900 479 961 &barba
496 901 626 975 promissa,
651 902 827 979 praeierensin

96 983 168 1041 vultu
187 983 324 1060 habituque
342 983 469 1060 insignem
497 984 654 1041 memoriam
677 984 827 1061 ignominiae

97 1077 218 1138 acceptae.
266 1069 295 1123 L.
319 1065 439 1121 Veturius
466 1069 495 1124 bc
525 1067 555 1122 P.
575 1066 696 1123 Licinius'
712 1062 825 1123 censores

97 1146 279 1211 cumtondcrl,
309 1145 491 1224 &squalorem
512 1144 648 1221 deponere.
674 1148 740 1206 &in
757 1143 825 1203 sena-

97 1242 157 1285 tum
169 1231 261 1292 venire,
282 1229 407 1308 fungique
420 1226 473 1286 aliis
486 1227 591 1305 publicis
607 1227 756 1286 muneribus
766 1230 826 1285 co'e'

96 1326 198 1384 gerum.
224 1311 343 1369 sedtum
366 1328 469 1387 qunque
491 1324 535 1367 aut
552 1309 632 1366 verbo
643 1308 828 1371 mentiebatur,

99 1406 143 1449 aut
153 1394 281 1486 pedibus
274 1411 301 1448 m
315 1392 467 1450 sententiam
479 1389 538 1454 ibat,
559 1391 643 1449 donec
663 1391 767 1470 cognati
782 1389 826 1447 ho

97 1473 177 1529 minis
197 1493 257 1543 eum
278 1472 360 1532 caussa
382 1476 422 1531 M.
437 1472 503 1530 Livii
523 1476 626 1536 Macati,
650 1489 735 1548 quum
756 1472 826 1529 sama

95 1552 151 1621 ejus
163 1569 286 1632 ageretur,
307 1555 414 1610 stantem
431 1553 517 1628 coe'git
532 1552 560 1608 in
574 1551 661 1611 senatu
674 1552 827 1611 sententiam

96 1633 187 1696 dicere.
226 1642 299 1699 Turn
310 1641 341 1692 'ex
354 1648 428 1691 tanto
442 1632 571 1690 intervallo
582 1634 682 1692 auditus
700 1634 826 1693 convertit

95 1733 141 1773 ora
154 1716 317 1794 hominum
310 1735 337 1774 tn
355 1715 388 1779 se,
414 1715 576 1793 caussamque
591 1716 751 1774 sermonibus
763 1731 825 1793 prae·

98 1799 162 1863 buit,
179 1802 303 1875 indigno
293 1802 478 1900 rnjnriamp
429 1820 449 1853 a
463 1799 547 1874 populo
557 1796 666 1874 fallam,
693 1815 825 1875 magnoque

96 1882 123 1938 id
134 1882 223 1939 damna
224 1880 350 2021 fuifflpq
351 1880 399 1937 ald
410 1895 466 1935 tam
474 1881 605 1952 gravas
550 1879 624 1937 'lbela
641 1899 685 1936 nec
695 1895 768 1956 opera
784 1896 825 1935 nec

95 1962 185 2041 confilin
197 1965 235 2022 tal
234 1966 253 2020 is
265 1965 315 2021 virt
311 1963 375 2039 'usa
391 1959 493 2038 respubl
485 1979 522 2015 rea
537 1960 598 2037 effer.
636 1969 667 2019 C.
681 1963 773 2019 Neroni
783 1978 823 2015 ne·

95 2046 199 2126 φωρ
215 2045 316 2103 Fabium
332 2063 409 2141 peque
428 2051 466 2101 M.
482 2042 602 2098 Valerium
620 2045 751 2100 Larinum
770 2041 825 2101 dari

55 2127 56 2132 ’
94 2128 193 2199 callegas
207 2129 273 2205 paffe,
292 2130 352 2204 quia
367 2128 425 2182 duos
442 2126 554 2200 patricias
569 2127 649 2180 creari
666 2142 714 2181 non
735 2125 823 2182 sceret

94 2211 195 2264 eandem
211 2207 338 2283 confflem
329 2227 354 2263 m
375 2215 401 2263 Γ.
412 2207 504 2262 Manlio
517 2204 567 2284 effe,
579 2219 745 2285 preterquam
758 2201 824 2284 quid

92 2288 339 2365 recusap‘erdelamm
355 2287 517 2361 consulatum,
534 2287 742 2367 remsaemsqrre
761 2284 823 2363 effen

92 2373 225 2442 Egregium
236 2383 285 2446 par
294 2369 419 2443 consulum
429 2367 496 2443 sore,
508 2369 537 2448 fi
544 2376 583 2427 M.
589 2371 693 2429 lelrnn
703 2376 735 2427 C.
743 2366 820 2425 Clau·

87 2451 129 2507 rsro
152 2451 266 2523 collegam
279 2449 452 2550 acsjunaislenr
496 2452 556 2508 Nec
578 2450 690 2527 populus
710 2449 821 2508 mentio·

90 2551 153 2589 nem
172 2532 228 2606 ejus
249 2532 294 2595 rei,
318 2544 404 2589 ortam
424 2527 438 2587 al
461 2530 584 2595 Patribus,
617 2533 653 2589 est
671 2531 824 2609 aspernatus.

93 2615 166 2672 Unus
180 2630 237 2670 eam
252 2631 308 2670 rem
323 2614 351 2669 in
370 2612 481 2675 civitate,
506 2611 527 2667 is
545 2630 587 2670 cut
579 2613 760 2672 deserebatur
773 2612 820 2669 ho·

88 2715 146 2758 nos,
167 2693 308 2752 abnuebat.
336 2694 464 2752 levitatem
478 2692 587 2751 civitatis
599 2693 729 2755 accolius.
767 2703 822 2752 Sor·

86 2780 165 2836 dilati
176 2778 211 2834 rei
232 2795 277 2832 nora
289 2776 413 2850 miseritos,
441 2775 569 2832 candidam
584 2789 670 2851 tagam
685 2779 765 2834 invito
781 2774 819 2853 rf-

69 2861 171 2940 serre:
197 2860 280 2923 eadem
301 2856 396 2919 banarei
410 2857 537 2936 prenestae
550 2860 652 2937 congeri.
688 2858 818 2914 &danum

728 2939 816 2997 virm
