1814 3316
82 128 124 207 5⁶
257 68 569 192 subruar

80 229 203 307 procursu
218 231 302 308 magis
322 228 533 308 militumqudm
557 247 589 288 err
608 242 747 308 praeparatu
766 243 813 290 aut

79 313 147 389 jussu
164 313 348 389 imperatorum
365 325 433 377 orto,
452 311 646 388 haudquaquam
665 332 711 389 par
722 313 812 370 l’oeni'a

80 393 215 452 dimicatio
227 394 286 451 fuit.
304 393 336 450 ad
352 393 422 450 mille
434 401 462 450 δι
476 391 648 469 septingentos
660 394 717 452 caefi
731 416 739 451 ι
756 411 812 451 nnn

78 474 137 550 plus
161 486 268 531 eentum
296 477 480 531 Romanorum
503 473 685 551 sociorumque
713 475 811 534 oeeisra.

80 551 203 612 Ceterrlm
215 553 357 613 victoribus
368 550 448 611 effuse
468 552 637 630 sequentibus,
656 569 734 614 metu
751 554 810 613 insa-

80 634 191 699 diarum,
208 634 306 695 obstitit
322 634 419 692 Paullus
432 633 530 699 consul,
551 637 627 709 cujus
639 636 722 693 eodie
734 640 809 713 (nam

78 714 179 774 alternis
190 714 380 793 imperitabant)
395 717 535 793 imperium
549 732 616 773 erat:
642 721 759 774 Varrone
771 717 810 773 in·

80 796 203 876 dignante
216 816 247 856 ac
257 796 421 872 vociferante,
440 789 561 854 emiffum
577 796 680 854 hostem
695 796 712 855 ὲ
727 798 809 855 mani·

80 877 144 945 busa
164 877 335 955 debellarique,
355 877 514 937 nieeffitum
527 879 602 942 foret,
622 878 743 954 potiriffe.
759 882 809 936 An·

80 959 148 1016 nibal
160 959 186 1015 id
197 960 324 1017 damnum
339 957 406 1017 haud
417 961 547 1036 aegerrime
561 960 629 1035 parit
647 960 711 1035 quin
724 960 810 1035 perine

79 1040 180 1097 eredue
192 1039 262 1098 uelut
272 1040 407 1098 inescatam
421 1041 593 1097 temeritatem
605 1038 737 1098 ferwioris
747 1058 810 1097 eon·

80 1119 139 1177 sulis
154 1140 185 1178 ac
199 1138 329 1178 novorum
345 1116 461 1179 maxime
474 1120 588 1177 militum
601 1120 660 1178 effe
678 1126 707 1180 δι
721 1122 812 1181 omnia

79 1200 237 1265 eihostium,
255 1200 322 1259 baud
335 1199 406 1259 secus
418 1196 498 1278 quim
512 1200 564 1267 sua,
586 1216 647 1259 nota
660 1216 745 1261 aaut:
761 1200 809 1259 dis·

80 1281 175 1339 fimiles
183 1280 356 1360 discordefique
367 1282 587 1360 imperitare,duas
597 1298 766 1360 prupeparter
777 1284 809 1341 ti·

80 1382 177 1422 nonum
190 1365 305 1423 militum
319 1366 348 1421 in
360 1366 470 1423 exercitu
482 1364 540 1422 esse.
579 1366 669 1442 ltaque
678 1363 769 1423 lucum
781 1367 809 1424 bt

81 1462 186 1524 tempus
198 1447 293 1505 insidiis
304 1459 394 1523 aptum
407 1446 432 1504 st
445 1444 535 1504 habere
547 1458 623 1509 tattu.
631 1448 712 1505 noble
724 1447 810 1523 proxi·

80 1542 127 1582 ma
146 1526 208 1582 nibil
220 1544 310 1602 praeter
329 1545 401 1583 arma
422 1526 529 1583 ferentes
544 1525 632 1585 secum
650 1526 745 1584 milites
763 1528 810 1585 du·

80 1624 151 1670 cem,
170 1607 246 1663 castra
258 1606 332 1682 plena
343 1606 431 1663 omnis
443 1606 553 1665 sommae
573 1607 682 1684 publiea
693 1608 811 1685 priuatae·

78 1704 131 1762 que
143 1685 275 1761 relinquit:
295 1686 412 1763 transque
421 1688 554 1763 prnmmos
568 1704 672 1747 montet
684 1690 747 1748 laeva
766 1706 813 1768 pe·

79 1768 144 1824 dites
156 1768 292 1824 instrublos
306 1769 403 1832 condit,
420 1769 507 1827 dextra
514 1769 619 1846 equites,
638 1771 812 1847 impedimen·

80 1861 106 1905 ta
120 1847 323 1924 peteonvallem,
345 1849 575 1929 mediumagmen‚
592 1851 714 1910 traducit:
733 1868 762 1912 ut
773 1846 813 1909 dl·

79 1929 200 2003 ripiendis
213 1928 281 1988 velut
291 1927 392 1987 desertis
402 1931 464 2008 fuga
478 1933 648 1990 dominomm
662 1934 747 1993 rastri·
763 1950 812 1991 oe·

79 2024 203 2084 cupitum
219 2011 425 2088 impeditumque
434 2010 536 2069 bellem
549 2014 714 2090 opprimeret.
747 2016 814 2071 Cre-

80 2088 119 2146 bri
131 2091 213 2151 relidi
226 2094 253 2150 iu
267 2093 353 2150 cailrir
364 2093 445 2171 ignea,
466 2107 496 2150 ut
509 2093 570 2152 fider
583 2095 661 2158 limet,
681 2098 747 2153 dum
760 2092 814 2172 lpse

79 2168 182 2248 longius
194 2174 306 2250 spatium
318 2173 380 2251 fuga
397 2175 550 2252 praeciperet,
570 2173 630 2232 falsa
645 2176 758 2254 imagine
770 2195 813 2235 ca·

80 2253 193 2308 murum
206 2255 286 2328 (sicut
299 2252 404 2309 Fabium
416 2254 500 2329 priore
513 2272 582 2310 anno
595 2254 727 2315 frustratus
742 2256 814 2333 effer)

80 2345 168 2388 tenere
178 2333 205 2387 in
218 2331 280 2389 luein
293 2330 407 2389 conium
420 2331 535 2391 roluiife.

121 2412 209 2468 XLlI.
235 2410 288 2469 Ubi
307 2408 397 2477 illuxit,
423 2410 554 2473 subduuae
574 2415 663 2494 primb
681 2418 813 2484 mona.

79 2490 169 2547 deinde
182 2493 288 2568 propius
301 2491 451 2552 adeuntibus
464 2494 595 2553 insolitum
604 2497 742 2557 ¹lileutium
763 2501 811 2557 ed-

80 2572 244 2628 mirationem
258 2572 328 2629 fecit.
366 2576 427 2653 Jam
440 2574 498 2632 satis
518 2592 651 2652 comperta
667 2576 812 2645 iblitudine,

79 2654 108 2708 in
121 2653 205 2709 castris
218 2651 356 2712 concursus
364 2656 393 2713 fit
405 2658 436 2713 ad
449 2657 565 2732 praetnria
577 2654 722 2723 consulum,
740 2677 811 2718 nun-

78 2733 200 2791 ciantium
213 2733 304 2810 fugam
319 2734 432 2794 hostium
447 2734 510 2794 aded
519 2738 656 2809 trepidam,
678 2753 707 2795 ut
726 2738 811 2799 taber·

79 2814 176 2873 naeulir
192 2813 316 2873 {unauna
333 2816 412 2876 eastra
428 2815 586 2895 reliquerint:
616 2836 722 2899 qunque
746 2820 811 2899 fuga

203 2952 208 2960 ‚
759 2903 805 2959 nb·
