1814 3316
131 281 175 344 44
356 256 625 328 T.LIVil

132 370 205 426 Nam
224 364 328 423 biennio
343 365 476 426 anse'aded
486 368 603 429 &duces
619 348 756 427 Romanos
767 372 796 431 δι
808 371 863 429 mi-

129 447 184 507 lites
203 446 353 524 spreverant,
364 463 402 512 ¹ut
419 451 461 506 vix
478 467 541 506 cum
561 450 653 508 eadem
674 463 752 531 gente
766 450 864 512 bellum

130 528 180 588 esse
197 528 333 592 crederent,
352 529 428 604 cujus
444 529 580 588 terribilem
593 551 654 590 eam
673 534 774 591 famam
789 528 864 610 dpass

128 610 209 668 tribus
224 608 382 686 accepissent.
421 611 572 670 Annibalem
587 632 693 691 quoque
704 633 735 671 ex
753 608 807 672 acie
823 632 863 672 re·

130 692 254 749 deuntem
274 690 361 748 dixisse
380 688 474 757 ferunt,
492 694 594 750 tandm
615 714 671 752 eam
690 694 791 759 nubem,
812 714 874 774 qne¹

85 768 96 781 ''
122 774 209 852 sedere
224 776 250 828 in
258 774 328 852 jugis
344 777 466 832 montium
477 774 610 848 solitast,
629 795 687 834 cam
697 776 800 854 procella
813 780 863 835 irn-

128 853 198 911 brem
212 856 306 931 deasrffl.

172 936 278 994 XXXI.
292 941 367 995 Dum
385 935 442 995 haee
459 950 583 1014 geruntur
597 936 625 993 in
639 934 719 1001 Italia,
741 939 794 996 Cn.
808 942 864 1005 ser,-

131 1015 205 1075 rilius
217 1018 345 1076 Geminus
357 1017 446 1075 consul
461 1036 525 1076 cum
544 1017 615 1077 classe
628 1037 679 1076 oxa
690 1020 800 1076 navium
814 1019 863 1077 cir·

131 1100 286 1157 cumvedius
299 1099 417 1155 sndiniae
432 1100 583 1158 &Corsicae
595 1116 678 1162 oram,
698 1105 726 1159 &
736 1098 864 1157 obfidibus

131 1181 263 1256 utrimque
279 1182 397 1257 acceptis,
416 1180 443 1236 in
462 1179 578 1238 Asticam
597 1179 748 1238 transmisit:
769 1184 797 1238 δι
812 1181 863 1255 pri·

130 1260 239 1337 usquam
256 1263 283 1317 in
302 1263 479 1319 continentem
491 1260 665 1319 exscensmnes
683 1260 785 1325 faceret,
807 1266 864 1319 Me·

132 1343 211 1420 ninge
224 1340 302 1399 insula
320 1345 422 1407 vastata,
443 1347 470 1401 δε
488 1343 520 1400 ab
534 1341 704 1400 incolentibus
716 1344 865 1408 Cercinam,

131 1442 166 1482 ne
179 1428 206 1482 δι
222 1423 336 1501 ipsorum
351 1438 463 1482 ureretur
476 1426 675 1501 diripereturque
686 1442 755 1502 ager,
772 1423 864 1485 decern

131 1503 231 1563 talentis
247 1506 343 1585 argenti
359 1507 478 1580 acceptis,
500 1508 531 1564 ad
545 1506 630 1565 littora
646 1504 739 1562 Africae
754 1502 865 1568 acceffit,

132 1585 267 1663 copiasque
283 1586 406 1663 exposuit.
447 1588 510 1645 Inde
530 1588 561 1645 ad
580 1585 755 1664 populandum
769 1602 865 1664 agrum

131 1667 204 1724 dudii
224 1665 326 1731 milites,
346 1668 495 1746 navalesque
513 1668 575 1727 socii
595 1670 669 1742 juxta
684 1664 766 1729 effitfi,
791 1664 863 1724 acii

130 1745 217 1804 insulis
236 1746 366 1805 cultorum
381 1750 519 1828 egentibus
530 1751 710 1826 praedarentur.
737 1746 864 1823 itaquein

130 1828 230 1885 infidias
242 1843 338 1887 temere
348 1826 416 1896 illati,
434 1850 518 1909 quum
533 1828 547 1888 d
560 1826 732 1906 frequentibus
745 1828 866 1903 palantes,

131 1909 164 1967 ab
182 1908 298 1968 locorum
319 1912 404 1990 guaris
421 1914 502 1992 ignari
520 1911 772 1974 circumvenirentur,
799 1927 863 1968 cum

131 1990 216 2049 multa
230 1993 298 2050 caede
316 2012 346 2051 ac
362 1993 433 2051 foeda
446 1995 509 2073 suga
526 2008 594 2051 retro
604 1993 634 2049 sd
646 1994 723 2049 nave's
735 1988 863 2067 compulsi

130 2070 199 2130 sunt.
239 2075 279 2131 Ad
298 2074 368 2131 mille
387 2074 537 2138 hominum,
564 2091 627 2130 sum
649 2073 689 2129 his
707 2071 863 2148 Sempronio

130 2152 207 2211 lllaeso
225 2155 358 2232 quaestore,
376 2157 511 2214 amissum:
532 2152 611 2212 claffis
629 2148 793 2217 ilittoribus,
813 2150 862 2209 bo-

129 2235 209 2293 stium
227 2235 314 2313 plenis,
332 2234 430 2311 trepide
443 2238 522 2296 soluta
536 2237 564 2292 in
578 2231 688 2292 Siciliam
702 2231 808 2291 cursum
825 2246 863 2291 te·

76 2326 82 2335 '
130 2319 202 2375 nuit:
218 2319 358 2390 traditaque
372 2317 475 2392 Lilybaei
488 2324 523 2377 T.
535 2314 647 2376 Otacilio
658 2315 768 2393 prason,
787 2328 818 2375 ut
831 2310 863 2371 ab

130 2394 214 2473 legato
234 2397 290 2469 ejus
312 2398 340 2453 P.
355 2401 416 2452 sura
432 2400 548 2454 Romam
567 2397 734 2454 reduceretur.
749 2394 803 2471 ipse
818 2412 862 2470 per

130 2478 242 2535 Siciliam
258 2473 363 2549 pedibus
379 2476 518 2549 profectus,
538 2480 605 2534 ireto
621 2477 650 2533 in
669 2476 767 2549 Italiam
786 2476 862 2550 traje-

130 2557 179 2614 cit:
201 2555 324 2630 literisque
340 2555 408 2613 Fabii
420 2559 516 2615 nccitus
530 2563 557 2617 &
570 2558 630 2633 ipse,
650 2563 678 2616 δι
693 2558 788 2635 collega
805 2556 862 2629 ejus

130 2640 172 2695 M.
190 2638 287 2700 Atilius,
303 2653 333 2694 ut
350 2638 490 2696 exereitum
510 2639 543 2698 ab
556 2637 582 2694 se
596 2640 688 2696 exano
706 2639 763 2712 jam
781 2654 862 2715 prope

129 2715 241 2776 semestri
258 2720 368 2794 imperio
384 2721 536 2795 acciperent.
573 2719 703 2777 Omnium
717 2737 798 2795 prope
816 2736 861 2775 an·

129 2797 197 2856 mles
212 2800 318 2858 Fabium
339 2801 491 2858 dictatorem
506 2800 623 2860 adversus
637 2798 787 2856 Annibalem
803 2816 859 2857 rem

129 2880 227 2956 geffiffe
247 2883 357 2941 tradunt.
404 2884 504 2940 Coelius
527 2885 604 2941 etiam
625 2880 824 2955 cumprimum
845 2877 860 2937 l

128 2963 227 3041 populo
242 2977 354 3023 creatum
374 2964 525 3024 didicerem
540 2961 632 3023 scribit.
671 2962 719 3020 Sed
735 2965 762 3022 δι
777 2960 860 3018 Coeli·

808 3059 857 3100 uns
